2112 3496
1024 366 1080 371 ,,
1144 341 1199 384 34
1263 366 1320 371 -

607 461 672 500 11.
708 472 845 500 senex
878 460 932 499 III
966 459 1223 501 Perinthius:
1264 460 1311 502 fr.
1346 460 1384 500 7.
1419 459 1468 502 8?

606 532 667 572 12.
703 532 883 572 Tibeios

607 601 669 643 13.
706 604 814 643 (jeta
1214 604 1375 644 lorarii:
1414 601 1574 644 charta.

605 674 670 714 14.
706 671 902 725 Pyrrhias
933 691 1033 732 κωφ.
1066 691 1128 734 πρ,

603 745 671 789 15,
707 750 902 785 matrona
934 743 1171 800 (Archylis)
1204 763 1306 806 κωφ.
1339 763 1401 804 πρ.

458 842 693 881 personam
728 829 985 880 protaticam
1023 828 1263 869 Menander
1302 827 1505 869 Lachetis
1551 841 1735 869 uxorem
1781 828 2022 877 induxerat,

317 900 384 940 cui
416 913 555 940 senex
587 898 661 939 filii
694 912 888 939 amorem
922 905 966 940 et
998 900 1234 940 meretricis
1267 899 1393 941 funus
1426 905 1470 940 ut
1507 913 1576 940 res
1614 901 1787 953 ignotas
1824 905 2025 942 narraret.

318 972 436 1024 quod
469 971 611 1011 facere
646 972 685 1011 ei
719 972 837 1011 licuit
868 985 947 1024 pro
982 971 1234 1012 feminarum
1270 970 1509 1012 Atticarum
1532 972 1618 1015 vita
1638 971 1896 1025 plerumque
1917 971 2026 1012 intra

317 1044 476 1083 domos
510 1043 700 1090 occulta;
736 1043 851 1095 apud
885 1042 1111 1082 Romanos
1143 1042 1187 1082 id
1220 1043 1380 1082 nullam
1415 1041 1639 1083 habuisset
1678 1043 1878 1095 speciem
1914 1043 2023 1083 veri·

317 1114 615 1155 similitudinis.
679 1115 805 1154 etiam
840 1126 980 1168 pauca
1012 1115 1068 1154 de
1102 1115 1274 1154 alterius
1308 1113 1601 1154 adulescentis
1633 1126 1733 1154 cum
1765 1126 1894 1154 servo
1924 1126 2024 1168 per·

315 1187 434 1226 sonis
468 1186 655 1226 dicenda
686 1190 785 1225 sunt
797 1184 842 1239 1).
892 1198 999 1237 quas
1031 1198 1243 1238 personas
1272 1185 1492 1227 Terentius
1521 1185 1690 1228 addidit
1720 1185 1894 1239 fabulae
1913 1184 2024 1238 (An-

315 1257 467 1311 driae),
502 1257 622 1309 quod
655 1256 798 1296 facere
831 1261 1015 1309 poterat,
1051 1257 1149 1309 quia
1180 1270 1268 1296 non
1302 1257 1485 1296 inerant:
1526 1269 1627 1298 nam
1666 1269 1749 1298 non
1778 1260 1877 1300 sunt
1907 1255 2025 1310 apud

318 1327 605 1370 Menandrum
638 1329 681 1379 (i.
718 1341 754 1368 e.
787 1329 834 1369 in
872 1326 1076 1383 Andria).
1140 1341 1304 1381 nempe
1343 1327 1524 1369 Grauert
1570 1319 1726 1381 aliique
1773 1332 1877 1381 post
1923 1340 2022 1368 eum

315 1398 424 1440 haec
455 1399 589 1439 verba
613 1399 726 1439 male
751 1400 1017 1453 interpretati
1033 1404 1131 1440 sunt
1147 1400 1230 1440 sic:
1254 1412 1353 1442 nam
1370 1413 1454 1442 non
1471 1402 1571 1441 sunt
1586 1398 1702 1452 apud
1717 1398 2024 1449 Menandrum,

315 1472 463 1513 necin
494 1470 677 1519 Andria,
710 1484 784 1512 nec
821 1472 868 1511 in
909 1470 1144 1518 Perinthia,
1191 1484 1266 1513 nec
1311 1472 1356 1512 in
1403 1470 1494 1512 ulla
1539 1470 1630 1512 alia
1674 1469 1837 1524 fabula.
1901 1471 2023 1524 quasi

315 1543 599 1595 grammatico
639 1542 698 1582 illi
730 1547 846 1582 totus
889 1542 1130 1583 Menander
1167 1548 1296 1582 notus
1337 1542 1504 1583 fuisset!
1559 1545 1864 1595 praeterquam
1901 1541 2023 1594 quod

315 1618 514 1666 poterant
546 1614 716 1654 discere
750 1614 868 1654 illum
891 1614 990 1654 solo
1013 1614 1150 1654 verbo
1173 1613 1412 1655 Menander
1441 1613 1605 1667 passim
1628 1613 1699 1662 uti,
1738 1611 1906 1654 ubi-de
1928 1611 2023 1654 Me·

315 1685 463 1724 nandri
495 1684 666 1726 Andria
684 1686 971 1738 agiturfflon.
1006 1686 1054 1726 sr.
1091 1685 1128 1735 1,
1163 1684 1203 1734 3,
1237 1685 1277 1734 6,
1312 1685 1352 1732 7,
1386 1688 1426 1734 8,
1460 1685 1501 1734 9,
1540 1684 1607 1731 10,
1640 1683 1861 1738 Eugraph.
1894 1683 1942 1725 fr.
1960 1682 2020 1727 2).

315 1756 481 1796 addidit
512 1756 739 1796 Terentius
773 1755 850 1797 has
884 1757 990 1797 duas
1032 1769 1246 1810 personas
1283 1755 1492 1806 Andriae,
1530 1769 1680 1796 verum
1718 1768 1810 1795 non
1845 1754 1903 1796 de
1940 1767 2021 1796 suo

315 1827 492 1875 addidit,
527 1828 606 1867 sed
639 1828 937 1880 transferendo
970 1829 1016 1869 in
1047 1827 1262 1870 Andriam
1291 1841 1342 1870 ex
1363 1827 1604 1876 Perinthia,
1627 1827 1726 1880 quia
1746 1829 2024 1869 convenerunt

314 1898 372 1938 ob
407 1898 643 1938 fabularum
677 1913 760 1940 non
794 1901 854 1940 ita
885 1899 1091 1941 dissimile
1122 1903 1429 1953 armamentum.
1494 1911 1636 1951 neque
1669 1910 1857 1951 unquam
1889 1902 2023 1950 poeta

315 1969 534 2009 Romanus
574 1975 660 2010 tam
701 1971 862 2010 bonam
906 1970 1219 2011 elaboravisset
1265 1970 1574 2010 oeconomiam
1623 1981 1877 2011 scaenarum
1909 1967 1947 2009 11
1982 1970 2019 2018 1,

314 2039 352 2086 2,
387 2040 433 2088 ὃς
468 2041 526 2081 IV
564 2044 607 2089 1;
643 2041 683 2081 V
715 2043 742 2082 6
775 2040 970 2082 Andriae
1012 2041 1419 2095 implectendarum,
1460 2041 1540 2081 nisi
1578 2045 1754 2094 praesto
1791 2040 1831 2080 ei
1871 2038 2022 2080 suisset

314 2113 542 2164 exemplar
574 2112 810 2161 Graecum;
851 2113 971 2166 quod
1003 2110 1107 2153 nihil
1141 2112 1257 2153 aliud
1303 2117 1453 2166 potest
1499 2111 1630 2152 fuisse
1678 2111 1759 2152 nisi
1805 2108 2022 2152 Perinthia

316 2182 553 2231 Menandri,
589 2184 733 2224 fabula
764 2185 915 2225 similis
949 2185 1202 2237 argumenti.

454 2267 641 2319 utrisque
675 2266 830 2307 fabulis
863 2268 1126 2320 comparatis
1160 2280 1211 2308 ea
1243 2267 1454 2320 quaestio,
1489 2278 1600 2320 quae
1639 2271 1706 2307 est
1742 2265 1799 2306 de
1837 2272 2019 2307 comoe-

313 2337 475 2377 diarum
509 2338 783 2391 temporibus
817 2337 906 2378 fieri
940 2352 1028 2379 non
1062 2342 1211 2392 potest
1258 2339 1359 2390 quin
1408 2338 1598 2379 solvatur
1645 2338 1728 2379 sic:
1778 2336 2020 2378 Menander

312 2406 520 2448 Andriam
555 2410 671 2461 prius
705 2410 865 2450 editam
898 2415 1054 2463 postea
1092 2408 1399 2463 amplificatam
1439 2413 1602 2450 mutato
1641 2409 1820 2450 nomine
1857 2412 1903 2449 ut
1938 2406 2017 2449 Pe-

313 2477 506 2519 rinthiam
541 2481 692 2520 iterum
716 2482 758 2521 in
791 2494 995 2521 scaenam
1029 2481 1246 2534 produxit.
1281 2481 1402 2533 quod
1434 2481 1544 2521 ultro
1578 2480 1717 2522 oculis
1750 2491 1798 2520 se
1819 2478 2016 2534 praebet,

312 2563 408 2589 curn
443 2564 724 2602 personarum
759 2552 926 2593 tabulas
959 2557 1002 2593 et
1033 2565 1285 2594 scaenarum
1320 2565 1544 2593 numerum
1578 2551 1749 2605 aspicis.
1800 2563 1900 2592 nam
1932 2562 2018 2605 qua

313 2621 475 2661 ratione
509 2627 641 2674 poeta
674 2623 863 2664 fabulam
897 2624 1053 2664 decem
1078 2636 1362 2677 personarum
1402 2628 1445 2664 et
1481 2623 1631 2676 viginti
1670 2623 1849 2664 duarum
1893 2634 2016 2664 scae·
2092 2641 2094 2643 >

313 2705 458 2731 narum
495 2699 537 2732 ut
570 2707 725 2734 novam
760 2695 976 2748 potuisset
1008 2695 1154 2743 edere,
1188 2695 1223 2735 si
1254 2700 1295 2735 et
1318 2707 1536 2748 personae
1559 2699 1603 2735 et
1624 2706 1693 2735 res
1715 2705 1872 2735 omnes
1887 2705 2016 2748 spec·
2086 2746 2087 2749 Ἴ

314 2764 519 2804 tatoribus
553 2766 635 2805 iarn
670 2771 797 2807 notae
831 2772 952 2807 erant
969 2780 1026 2807 ex
1050 2766 1183 2807 altera
1206 2765 1349 2807 sabula
1367 2766 1503 2807 multo
1517 2766 1807 2819 locupletiore
1825 2763 2015 2818 ideoque
2090 2767 2091 2770 ’

312 2835 521 2882 gratiore?
556 2836 689 2876 immo
723 2838 865 2878 nullus
899 2838 979 2878 nisi
1011 2838 1205 2879 inversus
1238 2837 1349 2878 ordo
1382 2850 1508 2878 verus
1541 2849 1640 2878 esse
1671 2841 1832 2890 potest.
1894 2833 2016 2889 quod
2079 2862 2088 2875 2

316 2902 415 2942 mihi
450 2906 622 2956 quidem
659 2905 744 2947 hoc
776 2921 951 2961 quoque
985 2909 1206 2962 probatur,
1239 2908 1359 2961 quod
1407 2906 1622 2949 Perinthia
1667 2913 1712 2948 ut
1757 2905 1904 2948 sabula
1949 2918 2015 2948 re—

456 3033 481 3073 “)
510 3034 548 3064 nd
577 3035 655 3066 hacc
683 3047 767 3076 quae
794 3041 979 3078 sequuntur
1004 3037 1046 3070 cs.
1076 3037 1229 3070 libellum
1256 3037 1405 3071 Schoelli
1432 3047 1458 3070 s.
1485 3047 1515 3070 c.
