2112 3496
1000 325 1266 367 -4-

282 446 529 499 respiciunt,
564 446 644 486 sed
676 446 720 485 id
752 458 883 486 unum
923 449 1136 498 spectant,
1175 449 1221 485 ut
1266 442 1404 498 figura
1451 445 1693 502 ἑλληνισμοῦ·
1738 444 1991 498 legentibus

281 530 410 570 quam
443 517 765 558 accuratissime
799 516 1135 565 demonstretur,
1169 529 1301 569 quare
1333 515 1393 556 ibi
1424 515 1602 556 Terenti
1632 514 1742 558 nihil
1771 529 1853 570 per
1872 517 1990 561 οὐδέν

282 590 549 642 exprimitur.
612 588 693 629 sed
724 593 896 642 praeter
927 587 1015 629 hoc
1054 587 1237 628 verbum
1275 587 1457 628 alterum
1506 600 1683 641 quoque
1724 592 1880 638 exstat,
1918 588 1988 629 cui

281 661 392 701 inest
423 661 565 713 aliqua
597 659 808 700 efferendi
837 660 917 714 vis,
950 660 1052 700 dico
1084 658 1268 700 verbum
1299 661 1414 708 πάνυ,
1446 659 1568 712 quod
1601 659 1730 700 etiam
1762 659 1806 699 in
1837 659 1990 700 litteris

281 732 458 772 servatis
493 739 596 771 ΝᾲΜ
628 730 733 772 mihi
764 731 918 772 videor
949 743 1275 785 recognoscere
1309 731 1351 785 (t.
1385 729 1455 772 20.
1483 728 1569 786 18).
1613 728 1702 771 hoc
1722 729 1989 771 vocabulum

280 804 339 844 ob
372 803 554 844 formam
587 803 818 844 iambicam
850 803 1107 856 saepissime
1139 803 1182 843 in
1212 814 1415 843 versuum
1448 802 1641 842 ultimam
1664 801 1820 842 sedem
1843 814 1988 843 remo-

280 879 368 914 tum
401 888 489 915 non
522 875 659 915 modo
693 875 906 915 adiectiva
937 878 1080 927 auget,
1113 874 1195 915 sed
1227 873 1356 914 etiam
1387 872 1522 914 verba
1554 878 1597 914 et
1626 873 1815 926 positive
1847 877 1892 914 et
1910 885 1988 914 ne·

278 947 422 999 gative
456 947 570 986 dicta
611 946 764 1000 (Peric.
800 944 898 987 131.
939 943 1039 987 303.
1087 943 1188 987 336.
1230 944 1330 987 428.
1380 945 1545 998 Georg.
1590 945 1661 986 41.
1703 943 1874 986 Phasm.
1907 943 1988 996 483

278 1016 502 1070 Aristoph.
536 1018 637 1070 Lys.
673 1017 742 1060 73.
778 1017 884 1059 Plut.
919 1016 1019 1059 235.
1053 1040 1111 1046 —
1144 1015 1252 1058 Cith.
1282 1015 1354 1058 53.
1389 1015 1437 1057 fr.
1473 1015 1578 1066 746;
1612 1015 1838 1069 Aristoph.
1871 1015 1986 1062 Nub,

278 1088 398 1141 902).
461 1094 548 1129 tum
584 1090 628 1129 in
658 1102 786 1130 versu
820 1089 1091 1129 Menandreo
1124 1101 1253 1128 unam
1287 1095 1314 1128 Ε
1351 1086 1472 1141 (post
1504 1085 1555 1143 C)
1594 1088 1866 1128 intercidisse
1903 1093 1986 1128 sta·

279 1161 487 1201 tuendum
522 1165 588 1201 est
620 1165 663 1201 et
693 1174 843 1201 versus
876 1161 972 1214 ipse
1005 1160 1068 1200 sic
1099 1159 1336 1212 legendus:

662 1264 694 1284 v
712 1268 840 1285 -o-.
873 1252 941 1289 νῦν
970 1241 1011 1289 δ’
1045 1247 1090 1289 οὐ
1121 1245 1307 1300 λέληθας
1342 1240 1468 1302 <ἐ>μὲ
1498 1246 1610 1291 πάνυ,

277 1327 301 1368 i.
338 1341 374 1370 e.
401 1327 533 1380 plane
564 1331 601 1369 te
629 1329 851 1382 perspicio.
894 1331 967 1387 ἐμέ
999 1326 1402 1369 orthotonumenon
1425 1319 1616 1367 Simonis
1638 1339 1872 1379 personam
1896 1340 1986 1367 non

279 1398 415 1448 effert,
449 1399 503 1441 cf.
538 1399 672 1452 Epitr.
707 1398 793 1442 437
828 1400 881 1442 al.
915 1423 973 1430 —

421 1471 626 1511 Dziatzko
668 1471 715 1524 (1.
751 1484 786 1512 c.
819 1485 896 1525 pg.
920 1469 1026 1523 235)
1058 1469 1170 1511 haec
1201 1471 1355 1511 suadet
1386 1477 1427 1510 ut
1462 1470 1724 1511 scribantur:

799 1562 868 1599 νῦν
898 1556 934 1598 δ’
969 1556 1015 1599 οὐ
1045 1555 1232 1609 λέληθας
1262 1556 1339 1613 μὴν
1372 1556 1454 1612 ἐμέ-

420 1636 574 1690 quibus
598 1638 782 1678 adiciam
806 1636 912 1679 hoc:
937 1642 1013 1697 μήν
1034 1637 1070 1678 si
1093 1641 1160 1677 est
1181 1637 1459 1677 coniunctum
1483 1649 1582 1677 cum
1606 1636 1739 1677 altera
1759 1637 1985 1690 particula,

278 1709 488 1749 artissime
522 1707 761 1750 cohaerent
798 1721 883 1750 nec
925 1709 1015 1749 ullo
1054 1708 1306 1749 dirimuntur
1342 1707 1479 1748 verbo
1521 1708 1637 1760 apud
1675 1707 1986 1757 Menandrum3

278 1793 314 1820 e.
348 1792 390 1833 g.
426 1780 579 1821 affero:
615 1783 660 1825 οὐ
684 1784 778 1841 μήνε
813 1779 929 1822 Sam.
953 1779 1054 1822 288.
1089 1779 1199 1822 Cith.
1223 1778 1304 1828 59;
1327 1781 1439 1824 ἀλλὰ
1464 1783 1557 1839 μήνε
1583 1778 1698 1820 Sam.
1724 1777 1825 1822 230.
1848 1779 1987 1820 Peric.

278 1850 375 1892 262.
408 1853 487 1893 inc.
521 1852 536 1891 1
570 1853 646 1907 403
678 1856 748 1897 καὶ
780 1857 875 1913 μήνε
910 1852 1045 1893 Peric.
1075 1851 1176 1893 424.
1210 1849 1380 1891 Phasm.
1414 1850 1484 1892 45.

958 1971 998 2012 2.
1033 1968 1103 2026 (=
1131 1968 1190 2012 40
1222 1968 1305 2023 K.).

966 2055 1154 2114 Ἄρτεμι,
1187 2085 1197 2095 .
1231 2086 1240 2095 .
1274 2087 1283 2096 ,

418 2150 516 2194 Ter.
560 2148 697 2192 Andr.
745 2164 784 2191 v,
833 2149 932 2192 473.
998 2149 1249 2203 Glycerium
1298 2147 1524 2188 doloribus
1571 2148 1768 2201 pariendi
1815 2147 1990 2189 differta

278 2221 493 2261 exclamat
524 2220 653 2265 haec:

560 2292 672 2337 Ιαηό
711 2292 894 2345 Lucina,
926 2293 994 2347 fer
1025 2305 1155 2345 opem,
1187 2304 1307 2335 serva
1338 2304 1415 2345 me,
1447 2291 1610 2334 obsecro
1624 2289 1676 2345 ¹)!

418 2365 471 2404 ad
505 2363 614 2405 haec
646 2364 829 2405 afferunt
861 2365 1076 2405 Donatus:

419 2434 529 2478 Iuno
568 2434 759 2491 Lucina]
799 2435 1093 2476 obstetriciam
1134 2434 1247 2476 hanc
1285 2439 1548 2487 potestatem
1586 2434 1735 2474 Iunoni
1780 2433 1981 2483 attribuit,

277 2519 540 2559 quamquam
575 2508 691 2547 illam
726 2507 967 2548 Menander
999 2504 1195 2549 Dianam
1227 2506 1422 2560 appellet
1454 2510 1497 2546 et
1528 2504 1615 2545 hoc
1647 2505 1804 2546 sentiat
1835 2505 1876 2545 in
1899 2505 1988 2546 Bu-

278 2577 428 2617 colicis
460 2578 537 2630 (IV
574 2578 645 2632 10)
678 2579 911 2632 Vergilius.
1973 2571 1975 2573 ¹

419 2654 462 2688 et
491 2649 765 2703 Eugraphius
797 2650 976 2705 (nempe
1009 2650 1085 2690 illo
1118 2648 1281 2702 nixus]:

421 2790 445 2829 ¹)
474 2806 515 2821 z
538 2791 681 2833 Adelph.
709 2789 795 2829 487;
823 2791 942 2823 rudius
969 2791 1106 2823 Plautus
1134 2789 1225 2834 (Aul.
1251 2788 1359 2827 fimi:

707 2850 811 2894 perii,
830 2860 909 2884 mea
933 2848 1070 2892 unitrix,
1097 2848 1238 2884 obsecro
1264 2852 1309 2888 tc.
1333 2851 1473 2884 uterum
1498 2846 1614 2883 dolet!

706 2909 801 2944 Iamo
825 2908 981 2948 Lucina.
1006 2911 1103 2943 tuam
1128 2907 1252 2950 fidem!

279 2965 368 2995 idem
397 2966 532 3000 Trucul.
559 2967 629 3001 ⁴16
656 2970 891 3006 (Phronesium
918 2970 1108 3013 meretrix):

420 3024 501 3059 daec
529 3028 575 3059 ηη·
601 3027 668 3061 huc
692 3029 843 3062 auectam
870 3031 977 3072 atque
1001 3027 1117 3073 ignem
1144 3028 1182 3063 in
1207 3038 1322 3073 aram,
1338 3031 1376 3063 ut
1400 3037 1558 3063 venerem
1584 3026 1760 3062 Lucinam
1785 3037 1913 3062 mearat.
