2112 3496
819 332 1103 377 ...35-

14 471 19 504 j
104 454 285 492 tractata
311 451 533 492 nonnullis
564 451 788 493 virtutibus
820 451 1012 494 Andriae
1029 460 1231 506 praestat.
1283 466 1383 495 nam
1403 454 1520 496 senis
1551 455 1592 495 in
1614 454 1807 497 Andriae

103 521 233 564 initio
258 532 384 564 more
415 521 654 576 Euripideo
685 526 996 583 προλογζοντος
1017 525 1197 576 longum
1221 525 1501 578 soliloquium
1529 525 1571 566 in
1595 524 1807 567 Perinthia

0 594 21 648 ’ξ’
104 596 316 635 mutatum
346 598 415 635 est
445 593 487 634 in
519 594 637 634 senis
668 606 768 635 cum
801 608 938 636 uxore
977 596 1220 648 dialogum,
1258 596 1351 637 scil.
1399 610 1452 639 ne
1494 610 1607 639 unas
1644 596 1809 640 diutim

102 661 359 718 loq-ndum·
388 663 546 717 quibus
577 664 722 706 verbis
772 665 883 706 Don.
931 678 966 707 a.
999 666 1106 706 Eun.
1139 665 1240 708 539.
1288 667 1475 708 eandem
1523 668 1805 709 mutationem

0 767 1 770 η
102 733 235 786 valde
264 734 429 784 laudat,
469 748 598 788 quam
636 736 811 777 laudem
849 738 885 777 si
923 736 978 777 ad
1026 736 1291 779 Graecorum
1338 740 1511 798 διωρίαν
1556 738 1807 792 opinaberis

100 805 327 855 recedere,
350 806 424 847 vix
455 805 586 847 falsus
618 808 716 847 eris.
779 806 945 848 Andria
978 821 1108 848 unum
1139 809 1443 850 tantummodo
1482 807 1673 851 habebat
1702 809 1807 851 adu·

100 875 359 927 benten,
391 878 460 926 ita,
492 884 536 918 ut
566 877 626 919 ibi
657 891 808 919 revera
839 877 976 931 fieret,
1009 885 1053 919 ut
1083 891 1248 932 sponsa
1284 880 1377 920 eius
1412 885 1555 933 spreta
1591 881 1805 934 relinque·

14 1000 15 1006 ¹
99 953 216 991 tetur
244 946 323 989 illo
355 948 482 989 aliam
515 948 725 996 ducente;
770 950 890 1002 quod
938 956 981 990 et
1029 950 1169 1003 ipsum
1218 962 1328 991 voce
1374 950 1543 993 Graeoe
1575 951 1805 1005 vituperari

99 1014 217 1076 (mt-
254 1017 300 1074 3)
338 1032 429 1060 non
466 1021 587 1073 parvi
626 1021 835 1061 momenti
874 1019 976 1061 mihi
1013 1020 1192 1061 videtur.
1256 1020 1471 1063 Perinthia
1511 1027 1656 1063 autem
1694 1022 1805 1063 duos

99 1089 410 1133 sduloeoentes
441 1097 636 1131 amantes
671 1090 874 1140 habebat,
909 1091 1029 1144 quod
1051 1093 1093 1132 in
1116 1091 1323 1133 Terentio
1345 1093 1519 1134 laudant
1540 1091 1723 1136 Euantb.
1748 1094 1805 1135 de

16 1172 18 1178 '
100 1159 249 1205 fibula
275 1160 334 1203 111
364 1161 395 1205 9
424 1169 467 1203 et
501 1162 615 1203 Don.
648 1175 683 1203 a.
717 1161 855 1203 Andr.
888 1162 990 1211 301,
1023 1163 1095 1215 qui
1126 1163 1266 1204 solam
1300 1162 1521 1216 Hecyram
1550 1164 1715 1218 excipit
1744 1164 1805 1205 ob

0 1226 8 1358 Ῑ
100 1244 235 1290 unum
264 1245 476 1275 amorem.
539 1239 628 1275 tum
665 1234 772 1275 Davi
805 1234 1067 1287 supplicium
1107 1234 1149 1274 in
1180 1233 1395 1275 Perinthia
1424 1236 1467 1275 in
1498 1247 1702 1276 scaenam
1740 1241 1807 1276 est

15 1318 43 1350 ‘t
99 1302 334 1360 prolatum,
366 1317 455 1358 quo
488 1304 634 1345 fabula
664 1306 761 1358 ipsa
782 1303 898 1346 haud
920 1306 977 1346 ita
1004 1306 1136 1359 paulo
1160 1304 1460 1359 amplificatur.
1501 1305 1583 1347 sed
1604 1319 1662 1348 ne
1676 1318 1804 1360 spec·

98 1367 287 1434 tatorum
318 1376 436 1418 oculi
463 1377 597 1417 atroci
630 1383 811 1430 aspectu
833 1377 944 1417 servi
968 1376 1154 1418 ambusti
1175 1376 1512 1427 offenderentur,
1533 1382 1669 1431 poeta
1688 1378 1805 1419 senis

5 1414 21 1528 ξ
97 1445 207 1504 W<
233 1447 366 1502 plane
397 1449 588 1496 mutavit,
624 1454 668 1488 ut
699 1447 826 1488 facile
858 1448 1121 1502 intellegitur
1151 1449 1412 1502 comparatis
1442 1446 1581 1490 Andr.
1613 1460 1675 1490 sc.
1713 1447 1754 1489 V
1777 1447 1805 1490 2

100 1522 147 1561 et
173 1515 336 1561 charta.
397 1519 459 1560 ibi
491 1520 606 1560 enim
646 1520 850 1560 dominus
888 1520 1017 1561 saevit
1065 1526 1110 1560 et
1154 1531 1325 1560 servum
1372 1518 1591 1560 sublimen
1635 1524 1804 1573 raptum

5 1539 33 1660 Ξ
99 1588 222 1631 inbet
250 1589 420 1638 vinciri3
454 1604 533 1644 per
564 1596 652 1631 tres
683 1590 811 1643 igitur
842 1602 1024 1631 scaenas
1060 1590 1114 1643 (V
1147 1589 1282 1643 3-5)
1324 1591 1509 1644 punitur.
1572 1591 1614 1631 in
1658 1589 1806 1632 chana

16 1676 26 1714 1„
98 1665 244 1704 autem
274 1659 448 1703 Laches
481 1663 617 1702 multo
639 1661 898 1702 clementius
920 1674 1019 1702 cum
1051 1661 1176 1701 Davo
1198 1661 1300 1715 agit,
1323 1674 1453 1714 quem
1475 1661 1624 1702 irridet
1643 1661 1803 1715 potius,

18 1731 35 1774 ‘A
98 1736 229 1787 atque
258 1744 360 1775 cum
392 1745 532 1774 senex
564 1733 731 1774 amburi
764 1746 863 1774 eum
896 1734 980 1774 iam
1015 1740 1081 1774 est
1112 1734 1316 1782 iussurus,
1351 1732 1554 1774 liberatur
1585 1732 1673 1774 ille.
1725 1731 1803 1773 has

98 1803 363 1847 mutationes
393 1812 572 1845 cunctas
605 1804 776 1845 fabulae
810 1806 903 1845 usui
935 1812 1063 1858 atque
1095 1805 1337 1846 commodo
1370 1803 1500 1845 fuisse
1533 1804 1683 1857 negari
1714 1816 1802 1844 non

0 1871 28 1911 't
98 1871 262 1931 potest,
294 1882 340 1917 et
369 1882 540 1916 veteres
573 1876 616 1916 in
649 1874 731 1917 hac
762 1889 808 1916 re
841 1876 959 1916 idem
991 1877 1182 1917 sensisse
1213 1880 1395 1929 apparet
1416 1889 1440 1916 e
1462 1874 1802 1928 fragmentorum

27 1979 29 1981 .
98 1946 305 1991 numeris.
366 1959 465 1988 nam
499 1945 742 1988 Perinthiae
780 1952 825 1987 ut
862 1946 1033 1987 fabulae
1073 1948 1255 2000 potioris
1293 1959 1318 1987 a
1354 1946 1531 1988 Graecis
1571 1945 1803 1987 afferuntur

10 2030 19 2050 0
97 2016 161 2060 lx
195 2016 442 2073 fragmenta
478 2024 649 2071 praeter
693 2017 884 2059 chartam
933 2018 1094 2059 saeculi
1142 2031 1185 2071 p.
1220 2016 1318 2060 Chr.
1352 2030 1392 2057 n.
1427 2015 1495 2065 111,
1540 2014 1734 2058 Andriae
1766 2015 1800 2057 11

10 2087 14 2094 ”
97 2088 157 2145 (4.
190 2088 274 2144 11).
335 2102 421 2143 qua
461 2089 519 2129 de
556 2101 687 2130 causa
717 2088 944 2129 Terentius
977 2087 1187 2130 Andriam
1231 2089 1483 2129 vertendam
1515 2087 1598 2128 sibi
1629 2100 1802 2129 sumere

16 2155 17 2158 ¹
98 2157 311 2211 maluerit,
343 2158 432 2201 hoc
463 2161 547 2200 iam
580 2173 668 2200 non
700 2172 936 2213 possumus
968 2160 1238 2213 perspicere;
1260 2165 1422 2200 tantum
1446 2164 1611 2200 certum
1634 2157 1802 2200 videtur

27 2280 29 2284 ,
96 2230 143 2275 in
170 2231 224 2273 iis
253 2230 398 2283 rebus,
430 2231 587 2285 quibus
619 2229 834 2272 Perinthia
863 2228 1058 2271 Andriae
1099 2231 1139 2271 ei
1177 2229 1401 2271 videbatur
1437 2235 1672 2284 praestare,
1711 2228 1801 2270 dia·

20 2300 24 2334 ἶ
96 2302 251 2358 logum
283 2302 386 2344 dico
418 2303 584 2356 primae
606 2314 793 2343 scaenae
816 2308 859 2343 et
880 2302 1060 2343 alterum
1093 2302 1434 2350 adulescentem.
1467 2301 1586 2342 illam
1607 2298 1797 2342 fabulam

29 2388 32 2410 ὲ
96 2384 200 2416 eum
229 2379 429 2416 secutum
462 2387 574 2416 esse.
637 2374 758 2427 quod
784 2387 873 2415 non
896 2374 998 2414 fecit
1019 2374 1059 2414 in
1077 2374 1188 2414 servi
1210 2373 1444 2427 supplicio,
1468 2372 1541 2413 ubi
1558 2369 1799 2413 Perinthiae

32 2484 34 2486 .
95 2444 243 2487 “ilum
279 2446 446 2487 scurrili
489 2445 760 2486 obscenitate
798 2443 1071 2486 humiliorem
1114 2452 1367 2498 aspernatus
1405 2444 1669 2485 severiorem
1707 2441 1799 2484 An·

32 2510 39 2562 ¹,
96 2514 218 2559 dline
248 2515 585 2571 praeferendum
618 2516 793 2569 putavit.

208 2703 273 2777 ll.
326 2703 438 2777 De
489 2703 790 2776 Eunuchi
813 2678 819 2683 ⁴
841 2704 1323 2796 exemplarium
1372 2703 1682 2795 reliquiis.

10 2871 13 2890 7
48 2894 54 2897 ἦ
238 2835 468 2878 Terentius
500 2834 713 2876 Eunucho
744 2847 848 2876 suae
882 2836 1114 2888 supposuit
1146 2834 1373 2875 Menandri
1406 2832 1594 2875 fabulam
1626 2830 1797 2888 cognoss·

46 2947 59 2968 ..ἦ
95 2907 259 2949 minem
276 2907 403 2948 simul
420 2906 721 2948 transferendo
738 2918 840 2947 usus
857 2905 1026 2947 duabus
1042 2906 1243 2959 personis
1258 2904 1433 2947 Colacis
1450 2904 1795 2953 Menandreae¹).

239 3024 270 3068 ⁸)
294 3025 383 3067 prol.
409 3034 461 3057 vv.
489 3021 648 3059 19—31:
674 3022 858 3055 didascalis
882 3019 1024 3056 Graeca
1049 3019 1275 3058 unuh:
1301 3021 1416 3055 nom
1440 3021 1475 3054 in
1493 3021 1552 3054 vit.
1577 3020 1653 3055 Ter.

1531 3078 1583 3115 3⁸
