2112 3496
1004 365 1059 371 --
1122 341 1298 382 74-

467 473 592 513 quam
624 460 761 511 iniqui
791 459 889 500 sant
915 460 1062 513 patres
1091 461 1138 502 in
1169 473 1310 503 omnes
1346 460 1625 504 adulescentes
1655 461 1835 504 iudices!

468 532 539 583 qui
571 544 743 584 aequom
774 543 860 573 esse
897 534 1059 573 censent
1089 544 1165 574 nos
1195 546 1223 573 a
1247 533 1396 584 pueris
1427 532 1522 574 ilico
1553 533 1673 575 nasci
1701 546 1830 576 senes.

440 603 599 642 Donati
650 602 693 642 in
746 602 1249 644 Hautontimorumenon
1301 603 1608 644 Terentianam
1667 606 2006 648 commentarius

298 674 427 726 plane
461 674 628 714 interiit.

306 905 309 908 -
379 851 461 921 V.
516 850 627 922 De
678 851 1104 923 Phormionis
1158 853 1561 944 exemplaris
1613 855 1923 946 reliquiis,

439 970 747 1012 Phormionem
781 972 1010 1013 Terentius
1031 972 1244 1013 transtulit
1266 972 1320 1012 ab
1343 971 1626 1025 Apollodoro
1651 972 1862 1026 Carystio,
1886 975 2009 1017 cuius

297 1043 575 1083 comoediam
613 1056 722 1096 quae
756 1043 994 1084 vocabatur
1032 1043 1409 1097 Epidicazomenos
1439 1049 1484 1085 ut
1516 1045 1771 1098 exemplum
1802 1046 1898 1099 ipse
1929 1059 2009 1087 no·

296 1112 489 1169 minat1):
523 1115 615 1155 sine
649 1115 735 1155 ulla
766 1116 1027 1156 necessitate
1060 1114 1280 1156 Bentleius
1313 1114 1503 1156 fabulam
1539 1116 1750 1158 Graecam
1779 1130 1869 1158 non
1896 1113 2011 1164 'Em-

294 1188 571 1246 δικαζόμενον,
594 1186 675 1226 sed
696 1183 1056 1246 Ἐπιδικαζομένην
1078 1187 1267 1227 coniecit
1287 1187 1536 1240 inscriptam
1560 1187 1705 1230 fuisse.
1754 1189 1823 1229 cui
1843 1202 2010 1230 nomen

297 1258 477 1297 inditum
523 1262 590 1298 est
627 1271 651 1298 a
688 1259 892 1310 parasito,
939 1259 1011 1311 qui
1059 1259 1101 1298 in
1146 1258 1306 1298 iudicio
1345 1258 1428 1299 sibi
1466 1259 1547 1312 ipsi
1587 1263 1631 1300 ut
1666 1260 1844 1313 virginis
1879 1260 2010 1301 tutori

298 1329 630 1369 adiudicandam
670 1334 789 1370 curat
826 1329 1085 1378 facultatem,
1120 1343 1204 1382 qua
1235 1329 1318 1370 sibi
1349 1330 1478 1370 liceat
1510 1320 1672 1384 cogere
1705 1329 2008 1384 Antiphonem

297 1401 639 1449 adulescentem,
674 1405 720 1441 ut
750 1401 868 1441 illam
902 1402 1045 1444 ducat.
1110 1402 1152 1442 in
1174 1415 1261 1454 quo
1283 1402 1408 1454 virgo
1432 1399 1535 1442 nihil
1560 1403 1660 1455 agit,
1683 1402 1819 1443 immo
1841 1403 2008 1456 primae

296 1478 442 1524 partes
476 1473 602 1512 etiam
637 1472 754 1525 apud
787 1471 1115 1526 Apollodorum
1148 1473 1322 1526 parasiti
1355 1478 1486 1514 erant.
1661 1467 1664 1470 ’

575 1575 1031 1632 Epidicazomenu
1064 1577 1381 1634 Apollodori
1414 1577 1734 1636 fragmenta.

441 1662 658 1711 Meineke,
699 1662 745 1703 fr.
786 1676 902 1703 com.
944 1663 1096 1706 Graec.
1138 1663 1196 1704 IV
1234 1676 1342 1717 pgg.
1382 1663 1482 1712 446,
1517 1663 1562 1713 7;
1597 1663 1739 1714 Kock,
1772 1676 1888 1706 com.
1920 1662 2010 1707 Att.

298 1733 344 1778 fr.
378 1734 433 1774 ΙΙΙ
466 1747 572 1787 pgg.
608 1734 858 1776 285—287.

984 1830 1022 1871 1.
1057 1828 1125 1885 (=
1155 1831 1208 1872 15
1242 1829 1329 1884 K).

709 1917 822 1973 ἡμεῖς
851 1916 899 1957 δὲ
931 1911 982 1967 <-
1000 1938 1029 1954 υ
1047 1913 1098 1970 ->
1132 1931 1222 1958 συνε
1234 1911 1330 1969 (πε)
1345 1915 1596 1974 μελούμεὸα.

441 2007 537 2052 Ter.
570 2008 743 2049 Phorm.
776 2023 814 2049 ν.
848 2009 917 2050 87.
982 2009 1091 2051 Geta
1115 2009 1240 2049 Davo
1263 2015 1414 2058 narrat,
1439 2010 1666 2062 quomodo
1690 2022 1774 2051 una
1794 2021 1895 2067 cum
1918 2009 2011 2065 erili

299 2078 387 2119 filio
422 2079 545 2120 huius
578 2080 891 2121 consobrinum
924 2078 1180 2121 Phaedriam
1214 2086 1431 2121 amantem
1465 2081 1689 2122 adiuverit:

680 2165 756 2194 nos
787 2150 910 2194 όίίὸεὲ
941 2165 1111 2204 operam
1145 2151 1349 2194 dabamus
1381 2150 1632 2195 Phaedriae.

442 2223 495 2263 ad
528 2221 639 2264 haec
671 2223 849 2263 adnotat
882 2223 1098 2264 Donatus:
1547 2219 1551 2223 ⁶

299 2307 375 2335 nos
407 2294 551 2350 otiosi]
584 2295 906 2348 Apollodorus:

506 2371 719 2407 ΗΜΗοειο
750 2373 813 2407 ΔΕ
844 2371 1245 2407 εΗΝεΜΛΗΜεΘᾲε
1266 2367 1364 2407 cod.
1401 2366 1452 2407 V.

508 2442 719 2486 ,κὰΛκειο
750 2444 814 2478 Ae
844 2441 1246 2479 οΥΝεΜὰΛΜεΘᾱε
1266 2438 1365 2479 cod.
1399 2437 1544 2479 Cuiac.

468 2514 721 2550 ὰΝὰΛκειο
752 2516 815 2550 ΔΞ
845 2514 1218 2550 ογΝεΜαΜΜωὸ.
1238 2526 1247 2549 :
1267 2510 1367 2550 coci.
1402 2509 1684 2563 Antverpens
1717 2508 1848 2551 Mein.

376 2580 399 2619 i.
435 2593 471 2620 e.
504 2584 652 2639 ἡμιςεις
682 2584 730 2625 δὲ
761 2583 1105 2641 συνεμελουμεθα-
2082 2642 2084 2647 λ

298 2653 447 2704 ἡμιςεις
479 2659 543 2692 est
576 2651 870 2706 dittographia
902 2658 996 2693 orta
1027 2666 1084 2693 ex
1118 2653 1304 2694 itacismi
1335 2657 1595 2693 correctura.
1658 2651 1812 2693 lacuna
1842 2653 2014 2705 post&

301 2723 527 2763 statuenda
567 2729 644 2772 est,
686 2725 726 2764 in
765 2737 850 2777 qua
881 2729 999 2765 certe
1033 2725 1197 2765 exstitit
1228 2736 1392 2764 nomen
1424 2723 1730 2772 adulescentis,
1764 2711 1882 2764 (telut
1910 2724 2013 2769 Φαι-
2074 2732 2075 2737 ’

299 2795 425 2851 δρίου,
460 2794 541 2842 vel,
577 2796 675 2848 quia
706 2795 958 2836 Terentium
993 2801 1037 2836 ut
1058 2795 1161 2836 alibi
1184 2800 1456 2848 permutasse
1479 2794 1657 2835 nomina
1677 2793 1910 2836 verisimile
1930 2796 2012 2844 est,

300 2866 500 2916 Κλεινίου,
534 2868 726 2926 Χαιρέου,
759 2868 941 2922 Φειδίου,
974 2868 1205 2927 Παμφίλου-

2103 2035 2112 2098 ἒ

448 2982 471 3019 ¹)
505 2983 591 3023 prol.
626 2994 676 3015 vv.
710 2982 868 3021 24—29:
897 2984 1083 3016 didascalia
1110 2983 1251 3018 Graeca
1276 2980 1500 3027 Apollodoru
1525 2980 1861 3027 Ερίἀίσαεωηθηως
1884 2981 2013 3015 Donum
2050 2995 2063 3022 g

301 3039 342 3070 ad
368 3050 396 3071 v.
424 3041 499 3073 Ter.
1381 3055 1383 3057 ·
