2112 3496
1018 333 1365 381 —44·-.

307 465 551 504 responsum
591 452 660 504 da,
703 451 814 493 unde
851 451 976 493 habes
1012 450 1140 494 haec?
1175 476 1236 481 —
1265 451 1344 504 his,
1384 452 1408 494 i.
1451 465 1488 493 e.
1528 452 1696 505 civibus,
1735 451 1808 504 qui
1845 455 1945 493 sunt
1979 453 2021 496 ἐν

309 526 442 583 ἀγορᾷ
483 523 589 578 (48),
633 524 725 564 scil.
767 524 805 564 si
845 523 953 565 mihi
991 522 1161 576 quidem
1192 526 1442 575 potestatem
1483 526 1522 565 te
1561 522 1747 578 royandi
1785 521 2019 566 abiudioas.

309 596 428 647 οὗτος
458 595 514 635 de
546 596 747 648 personis
779 596 1082 649 praesentibus
1116 602 1268 637 monet
1298 596 1433 650 Epitr.
1466 595 1537 639 40.
1571 595 1626 638 87
1661 597 1714 638 al.

451 681 516 707 vv,
534 666 602 708 52.
623 667 663 708 3.
698 668 848 720 incipit
864 680 1027 708 novum
1044 667 1218 709 Colacis
1235 667 1388 722 fragm.
1408 668 1474 722 <=
1489 666 1678 720 Oxyrrh.
1696 667 1799 721 Pap.
1815 667 1858 708 X
1876 665 2020 721 1237),

309 752 396 791 quo
436 739 613 778 alterum
654 739 761 778 illud
799 739 1101 792 compluribus
1138 740 1335 780 versibus
1374 738 1673 793 amplificatur,
1712 740 1785 792 qui
1821 737 1882 780 ibi
1913 739 2023 779 inter

309 823 374 851 vv,
421 808 490 850 53.
534 809 574 850 4.
637 810 839 850 videntur
882 811 1166 851 intercidisse.
1229 811 1332 851 XVI
1376 811 1586 852 linearum
1634 824 1746 864 quae
1787 814 2023 863 sequuntur

310 882 527 922 clausulae
567 879 682 921 haud
720 882 777 922 ita
815 882 928 922 male
961 886 1155 923 servatae
1189 870 1449 935 ceteraeque
1480 882 1687 935 reliquiae
1719 879 1808 923 hoc
1836 885 2023 922 tantum-

310 953 446 992 modo
485 965 566 993 nos
610 953 786 1002 docent,
826 954 869 993 in
902 952 1064 994 Colace
1097 953 1227 994 fuisse
1261 955 1432 994 Davum
1464 966 1637 994 servum
1670 957 1714 994 et
1745 950 2022 994 Gnathonem

310 1024 543 1078 quendam.
607 1022 691 1074 hic,
737 1025 810 1077 qui
854 1025 1042 1065 nominis
1085 1025 1338 1066 testimonio
1382 1029 1500 1066 certe
1543 1025 1621 1065 fuit
1663 1024 1872 1073 adulator,
1915 1036 2023 1077 quas

309 1100 455 1148 partes
504 1096 643 1148 egerit
688 1097 731 1136 in
779 1095 925 1137 fabula
971 1097 1089 1137 iuxta
1136 1097 1318 1138 alterum
1363 1097 1485 1137 illum
1533 1095 1705 1138 Colacis
1753 1095 2023 1136 adulatorem

310 1165 556 1216 Struthiam,
589 1167 679 1207 iure
713 1168 956 1208 mirandum
990 1172 1068 1209 est.

451 1253 490 1279 ν.
525 1237 594 1280 54.
640 1243 803 1279 tantum
838 1252 941 1280 casu
974 1240 1166 1294 quodam
1199 1253 1288 1280 non
1321 1252 1419 1281 esse
1440 1239 1732 1292 perscriptum
1754 1242 1921 1280 certum
1943 1242 2022 1280 est.

311 1313 332 1354 ὁ
363 1312 507 1366 κόλαξ,
541 1311 662 1363 quod
691 1312 911 1364 supplevit
932 1311 1026 1352 Leo
1061 1316 1104 1352 et
1134 1316 1238 1365 post
1270 1325 1369 1353 eum
1393 1311 1571 1359 Koerte,
1589 1311 1671 1351 ¹illo
1693 1310 1797 1351 loco
1819 1309 2024 1351 maturius

312 1395 440 1434 quam
474 1382 611 1423 debet
643 1387 846 1424 exstaret.
910 1396 1012 1424 nam
1044 1388 1135 1424 tota
1165 1384 1278 1424 servi
1310 1383 1447 1424 oratio
1470 1383 1571 1423 satis
1595 1381 1783 1423 obscura
1804 1385 1849 1422 et
1867 1381 2026 1423 rustica

311 1454 365 1493 ad
398 1454 443 1494 id
474 1467 606 1494 unum
639 1459 846 1507 properat
872 1454 1070 1504 verbum,
1094 1455 1215 1508 quod
1237 1454 1490 1495 iamdudum
1512 1458 1822 1507 exspectamus
1842 1457 2026 1507 propter

309 1525 363 1569 δι’
398 1525 443 1569 οὗ
476 1523 584 1582 (55),
618 1534 742 1571 τοῦτο
776 1529 896 1586 μόνον
928 1524 1039 1581 (57),
1072 1527 1093 1570 ὃ
1125 1525 1238 1581 (58),
1269 1533 1395 1570 τοῦτο
1427 1525 1534 1581 (62).
1599 1529 1690 1566 tum
1722 1525 1766 1565 in
1796 1523 1884 1566 fine
1916 1522 2023 1578 (63),

310 1610 453 1649 paene
495 1600 607 1657 παρὰ
647 1601 909 1657 προσδοκίαν,
954 1598 999 1638 id
1044 1602 1198 1647 exstat,
1245 1597 1300 1638 de
1345 1610 1432 1650 quo
1474 1597 1635 1637 totiens
1671 1594 1948 1649 significavit:
1987 1597 2026 1641 οἱ

310 1671 501 1721 κόλακες.
572 1682 629 1709 ex
674 1682 761 1722 quo
803 1670 995 1722 sequitur
1039 1668 1127 1710 hoc
1166 1668 1304 1710 verbo
1344 1682 1443 1709 eum
1489 1669 1572 1708 iam
1619 1672 1745 1709 antea
1790 1681 1880 1708 non
1926 1679 2025 1708 esse

312 1753 448 1780 usum.
511 1740 564 1785 δι’
600 1741 646 1785 οὔ
678 1741 767 1795 (55)
800 1741 996 1782 neutrius
1030 1746 1097 1782 est
1126 1741 1300 1795 generis
1332 1745 1514 1793 propter
1546 1741 1567 1784 ὃ
1594 1739 1698 1793 (58),
1722 1738 1776 1781 cf.
1799 1743 2027 1793 praeterea

312 1810 357 1852 fr.
397 1810 491 1853 155.

1032 1886 1125 1944 τρία
1154 1888 1234 1944 γάρ
1265 1886 1365 1938 ἐστι,
1398 1887 1596 1937 δέσποτα,

666 1956 719 2001 δι’
755 1958 807 2001 ὧν
840 1958 1002 2001 ἅπαντα
1032 1956 1169 2016 γίνετ’,
1201 1957 1226 2011 ἢ
1258 1958 1370 2000 κατὰ
1399 1959 1495 2007 τοὺς
1524 1958 1684 2014 νόμους,

666 2029 692 2083 ἢ
723 2034 814 2080 ταῖς
845 2030 1055 2087 ἀνάγκαις,
1087 2029 1112 2083 ἢ
1143 2031 1194 2072 τὸ
1224 2030 1362 2086 τρίτον
1391 2026 1479 2071 ἔδει
1509 2029 1596 2071 τινί.

313 2113 366 2152 ad
400 2119 525 2157 τοῦτο
558 2115 680 2172 μόνον
711 2110 834 2168 (57).
857 2144 895 2154 ..
927 2118 1054 2156 τοῦτο
1087 2114 1207 2171 μόνον
1237 2108 1352 2166 (62)·
1387 2112 1424 2155 οἱ
1454 2113 1633 2163 κόλακες
1664 2107 1721 2152 cf.
1752 2107 1798 2150 fr.
1833 2106 1933 2151 485.

1084 2202 1210 2239 τοῦτο
1244 2196 1364 2254 μόνον
1397 2196 1603 2238 ἐπισκοτεῖ

700 2271 770 2312 καὶ
801 2269 1017 2327 δυσγενεία
1045 2269 1116 2311 καὶ
1145 2267 1296 2326 τρόπου
1327 2267 1494 2325 πονηρία

696 2342 765 2384 καὶ
795 2345 913 2383 πᾶσιν
944 2338 1002 2391 οἷς
1034 2338 1202 2398 ἔσχηκεν
1235 2337 1445 2396 ἄνθρωπος
1475 2342 1637 2389 κακοῖς·

698 2413 748 2454 τὸ
779 2413 917 2455 πολλὰ
947 2410 1186 2464 κεκτῆσθαι.

456 2494 617 2534 deinde
663 2494 705 2534 in
751 2493 912 2534 eodem
950 2507 988 2534 v.
1031 2505 1195 2533 nomen
1235 2490 1498 2544 Struthiael)
1537 2489 1820 2538 desideratur,
1859 2492 1905 2530 ut
1941 2489 2026 2529 iam

313 2566 419 2606 vidit
450 2565 633 2614 Koerte;
664 2578 763 2606 nam
796 2565 851 2605 ad
879 2564 999 2605 illum
1022 2576 1170 2604 servus
1192 2563 1370 2616 respicit
1393 2576 1430 2603 v.
1455 2561 1526 2604 58.
1587 2565 1659 2607 διὰ
1678 2568 1826 2606 τοῦτον
1846 2561 2025 2620 &adp-me

314 2642 407 2695 ἐγώ.
442 2662 499 2666 ——
531 2643 619 2677 tum
655 2637 780 2677 deest
811 2635 1007 2684 verbum,
1041 2648 1099 2676 ex
1131 2648 1218 2688 quo
1241 2634 1434 2688 pendeat
1455 2633 1656 2675 circuitus
1678 2631 1752 2673 ille
1774 2644 1814 2672 v.
1837 2629 1909 2674 55.
1969 2629 2025 2676 δι’

316 2710 360 2753 οῧ
393 2713 447 2752 τὰ
477 2713 610 2753 πάντα
643 2710 835 2753 ἀπόλωλε
864 2711 1100 2768 πράγματα.
1164 2719 1264 2747 nam
1298 2704 1411 2746 hanc
1443 2704 1744 2759 quaestionem
1778 2714 1877 2744 esse
1899 2701 2028 2743 obli-

317 2793 463 2832 quam
497 2780 688 2832 sequitur
721 2793 778 2821 ex
810 2780 1037 2820 iteratione
1060 2779 1230 2819 inversa
1252 2791 1316 2818 vv.
1342 2776 1413 2818 57.
1438 2774 1478 2819 8.
1544 2806 1553 2816 .
1574 2807 1584 2817 .
1603 2808 1613 2817 .
1630 2774 1743 2819 τοῦτ’
1769 2774 2029 2819 ἀπολώλεκεν

319 2854 436 2909 μόνον
477 2854 644 2904 ταύτας,
687 2853 708 2895 ὃ
751 2859 818 2896 νῦν
855 2853 925 2895 διὰ
969 2857 1116 2895 τοῦτον
1158 2846 1334 2908 ἐξεύρηκ’
1378 2851 1472 2908 ἐγώ.
1538 2858 1654 2900 quae
1699 2857 1799 2886 cum
1836 2845 1894 2886 ita
1928 2844 2029 2898 sint,
2109 2872 2112 2874 -

318 2922 513 2961 lacunam
549 2922 588 2961 in
622 2921 737 2962 hunc
770 2922 859 2963 sere
895 2921 1077 2962 modum
1109 2921 1213 2961 licet
1244 2918 1479 2973 refingere:

466 3039 490 3074 ¹)
518 3049 557 3070 nn
585 3039 617 3070 in
644 3040 857 3071 Gnathonem
884 3038 1051 3072 invehitur
1075 3038 1208 3070 Davus?
