2112 3496
1024 342 1082 347 -.
1143 317 1201 360 64
1262 342 1320 346 -.

990 433 1044 479 C.
1078 432 1356 492 Epilogus.

316 522 563 561 testimonia
594 525 692 560 sunt
724 519 946 560 afferenda
978 518 1109 560 haec:

390 593 426 633 1.
461 592 572 632 Don.
609 592 663 631 ad
693 589 781 631 Ad.
821 590 892 633 81.
941 590 1032 634 hem
1062 590 1306 645 opportune]
1348 591 1502 632 melius
1514 589 1547 647 1)
1599 605 1729 645 quam
1767 592 2023 643 Menander,

458 677 556 704 cum
590 661 661 703 hic
693 660 956 718 (Terentius)
987 662 1108 703 illum
1140 663 1394 716 (Demeam)
1429 663 1484 703 ad
1506 663 1690 717 iurgium
1712 663 2029 718 promptiorem

459 748 586 787 quam
621 734 675 774 ad
706 734 1031 774 resalutandum
1064 733 1178 775 facit.

387 805 424 846 2.
460 807 575 846 Don.
629 805 685 846 ad
735 804 823 847 Ad.
877 805 978 848 275.
1060 818 1194 858 paene
1244 819 1295 848 ew
1346 803 1514 863 patria]
1568 806 1633 860 (1)
1687 807 1814 850 deest
1862 807 2027 863 fuyere.

457 877 518 930 (2)
541 879 809 932 ἀποσιώπησις
831 879 1082 938 εὐφημισμοῢ
1104 880 1231 938 χάριν.
1295 877 1540 919 Menander
1562 879 1672 919 mori
1694 878 1815 920 illum
1834 879 2029 921 voluisse
2071 927 2076 931 ¹

458 947 593 1002 fingit,
627 948 857 990 Terentius
889 948 1140 1002 profugere.

388 1019 424 1061 3.
460 1021 573 1060 Don.
620 1020 675 1060 ad
721 1018 808 1060 Ad.
849 1019 950 1062 351.
998 1023 1124 1073 atque
1165 1019 1352 1075 Heyioni
1398 1024 1574 1075 coynato
1620 1020 1764 1076 huius]
1804 1021 1865 1077 (l)
1910 1022 2030 1076 apud

457 1091 747 1132 Menandrum
795 1090 1084 1133 Sostratae
1113 1090 1271 1133 frater
1321 1092 1577 1135 inducitur.-
1627 1091 1691 1148 (2)
1737 1092 1866 1136 huius
1895 1092 2028 1135 -filiae

456 1175 559 1203 suae
593 1162 773 1204 scilicet.

387 1235 426 1276 4.
460 1235 576 1277 Don.
611 1235 665 1275 ad
698 1233 784 1275 Αά.
807 1234 907 1277 938.
955 1247 1028 1289 eyo
1059 1248 1192 1277 novus
1214 1234 1413 1289 maritus]
1438 1235 1554 1288 apud
1577 1235 1867 1277 Menandrum
1888 1249 2030 1278 senex

458 1306 513 1346 de
547 1307 706 1359 nuptiis
738 1320 828 1346 non
859 1310 1080 1359 gravatur:
1115 1319 1223 1360 ergo
1255 1305 1486 1347 Terentius
1518 1310 1741 1367 εὑρετικῶς.

383 1376 421 1419 5.
455 1377 587 1418 Micio
607 1378 724 1431 apud
742 1377 1031 1418 Menandrum
1050 1376 1284 1432 Lamprias
1306 1378 1472 1427 dicitur,
1495 1382 1543 1419 ut
1564 1383 1747 1433 apparet
1767 1392 1792 1420 e
1813 1377 1968 1433 fragm.
1985 1378 2028 1422 3.

456 1449 627 1490 lenonis
650 1454 796 1503 partes
820 1449 936 1502 apud
954 1448 1243 1490 Menandrum
1261 1462 1438 1502 quoque
1456 1449 1587 1491 fuisse
1605 1450 1676 1492 vel
1694 1463 1752 1492 ex
1774 1449 2028 1504 fragmentis

315 1521 339 1560 2
374 1526 417 1561 et
448 1520 474 1562 5
514 1521 779 1574 intellegitur
818 1521 1061 1575 desumptis
1102 1534 1159 1561 ex
1190 1521 1303 1561 illius
1337 1521 1599 1575 monologo,
1633 1533 1736 1575 non,
1774 1521 2031 1576 utputabat

313 1593 506 1641 Grauert,
548 1606 572 1633 e
606 1593 804 1634 Demeae
842 1593 1101 1634 narratione.
1166 1591 1333 1646 Diphili
1372 1597 1439 1634 est
1476 1593 1512 1634 is
1549 1593 1855 1635 tantummodo
1886 1593 2027 1644 locus,

314 1663 386 1704 ubi
418 1664 658 1707 adulescens
691 1696 700 1705 .
733 1698 743 1707 .
778 1699 786 1706 .
820 1663 962 1707 lenoni
1000 1664 1127 1717 eripit
1162 1664 1431 1714 meretricem,
1464 1665 1536 1717 qui
1567 1656 1710 1707 nullus
1742 1665 1850 1706 alius
1879 1669 2031 1719 potest

315 1748 411 1776 esse
450 1736 531 1777 nisi
569 1737 672 1777 inde
712 1749 736 1777 a
766 1750 807 1777 ν.
843 1735 927 1778 155
966 1737 1021 1777 ad
1053 1750 1092 1781 v,
1129 1734 1214 1778 196
1252 1735 1322 1791 (cf.
1356 1735 1526 1776 Ihnium
1558 1749 1634 1790 ρξ’.
1669 1735 1758 1790 27).
1821 1748 1907 1778 nec
1937 1736 2028 1778 ullo

314 1807 450 1849 modo
482 1807 686 1861 psaltriae
719 1808 763 1848 in
794 1807 1026 1861 Lampriae
1061 1808 1241 1849 domum
1275 1808 1484 1849 deductio
1517 1812 1691 1861 poterat
1711 1807 1885 1849 deesse.
1927 1820 2029 1849 nam

314 1880 354 1918 in
398 1878 569 1920 fabulae
608 1880 728 1920 initio
766 1877 1017 1920 Aeschinus
1058 1880 1254 1920 nondum
1296 1885 1363 1921 est
1401 1881 1582 1921 domum
1620 1891 1832 1930 reversus,
1869 1883 2029 1932 postea

314 1956 456 1991 autem
489 1951 710 2004 psaltriam
743 1951 861 2004 apud
893 1939 1144 2005 Lampriam
1178 1963 1276 1992 esse
1309 1964 1496 1992 necesse
1536 1956 1603 1992 est
1634 1950 1694 1993 ob
1725 1949 1813 1993 Ad.
1845 1963 1885 1992 v.
1918 1949 2028 1993 388:

600 2019 748 2079 Dem.]
781 2021 915 2076 quid?
959 2022 1090 2066 istaec
1119 2023 1208 2065 iam
1236 2022 1362 2075 penes
1391 2036 1463 2066 vos
1485 2019 1746 2076 psaltriam?

601 2090 716 2151 Syn]
749 2093 896 2136 ellam
927 2095 1080 2143 intus,
2108 2151 2112 2153 Β

315 2171 357 2205 et
389 2164 447 2205 ob
481 2178 685 2206 scaenam
717 2165 758 2214 5,
792 2166 832 2215 2,
866 2166 910 2206 in
942 2179 1027 2220 qua
1060 2166 1231 2207 Demea
1263 2165 1395 2206 filium
1430 2166 1642 2207 minorem
1675 2177 1775 2207 cum
1807 2164 1880 2207 illa
1901 2176 2027 2207 aocu-
2105 2160 2112 2219 3

314 2236 491 2277 bantem
531 2235 824 2290 deprehendit
861 2237 904 2278 in
943 2238 1094 2279 domo.
1159 2250 1267 2291 ergo
1312 2237 1415 2291 lege
1448 2238 1522 2278 illa
1552 2237 1754 2279 scaenica
1784 2235 2028 2281 certissima
2103 2232 2112 2287 «ᾖ

314 2309 532 2360 psaltriam
567 2321 715 2349 coram
749 2313 1021 2362 spectatores
1053 2309 1285 2362 Lampriae
1319 2309 1501 2350 domum
1525 2308 1685 2351 deduci
1707 2319 1821 2362 opus
1842 2311 1947 2349 erat.
1968 2329 2028 2338 —
2102 2291 2112 2360 3

314 2379 641 2420 adulescentem
674 2380 795 2420 illum
828 2379 1308 2434 Synapothnesconton
1331 2378 1498 2434 Diphili
1527 2379 1802 2424 meretricem
1823 2377 1907 2420 sibi
1927 2378 2026 2433 ipsi,

315 2463 401 2490 non
455 2451 523 2490 alii
572 2452 771 2504 cuiquam
820 2452 1013 2504 rapuisse
1063 2451 1152 2492 fere
1201 2456 1367 2492 certum
1416 2457 1494 2493 est.
1573 2464 1662 2505 quo
1709 2449 1769 2501 fit,
1817 2454 1863 2492 ut
1908 2449 2026 2504 apud
2089 2460 2095 2465 “’

314 2521 564 2562 Terentium
597 2536 772 2576 quoque
806 2524 947 2576 primo
980 2522 1158 2576 quidem
1186 2522 1270 2563 sibi
1292 2523 1374 2576 ipsi
1397 2523 1594 2564 videatur
1614 2522 1806 2576 puellam
1830 2521 2027 2576 rapuisse
2082 2550 2095 2570 ⁴.

316 2591 573 2642 Aeschinus,
610 2603 651 2635 et
684 2601 727 2635 ut
758 2599 1031 2648 spectatores
1053 2606 1191 2647 usque
1215 2594 1269 2635 ad
1291 2608 1331 2638 ν.
1356 2594 1463 2637 252:
1484 2593 1556 2638 sed
1576 2591 1869 2648 Ctesiphonem
1884 2591 2028 2636 video.-

315 2664 446 2705 laetus
476 2668 535 2706 est
566 2666 614 2707 (Ie
646 2667 786 2709 amica
819 2698 827 2706 .
864 2700 872 2709 .
910 2698 918 2706 .
2078 2671 2079 2674 ’

458 2737 716 2777 retineantur
739 2738 780 2777 in
802 2736 884 2778 hac
908 2738 1136 2791 opinione;
1168 2750 1255 2791 quo
1286 2738 1426 2791 magis
1452 2741 1611 2790 postea
1637 2748 1738 2778 cum
1761 2733 1956 2781 Sostrata
1982 2737 2028 2776 et
2082 2787 2084 2789 ‚

316 2806 424 2846 (ieta
456 2809 624 2858 possint
657 2809 808 2850 dolere
841 2809 1010 2850 scilicet
1040 2809 1158 2849 idem
1192 2808 1455 2862 putantibus.
1488 2831 1547 2840 --
1580 2808 1622 2850 in
1653 2820 1739 2850 una
1768 2805 2026 2862 quaestione
2080 2795 2085 2799 '¹

315 2877 528 2918 solvenda
560 2877 734 2920 haereo.
799 2894 898 2921 nam
931 2894 969 2921 v.
1004 2879 1091 2922 356
1120 2894 1144 2921 e
1168 2881 1366 2921 Demeae
1390 2893 1466 2921 ore
1489 2880 1686 2922 audimus
1709 2875 2025 2933 Ctesiphonem
2077 2872 2085 2917 s

460 2945 673 3002 ¹)73Vi1rronis
700 2968 749 2994 est
777 2963 966 3003 arbitrium,
994 2963 1035 2995 de
1063 2973 1131 3005 quo
1158 2963 1262 2996 refert
1289 2962 1382 2996 Suet.
1407 2962 1442 2994 in
1467 2962 1526 2996 vit.
1550 2961 1644 2997 Ten:

374 3027 456 3050 nam
485 3018 728 3062 Adelphorum
751 3020 973 3065 principium
1006 3019 1153 3055 Varro
1179 3021 1308 3056 ctiam
1330 3019 1535 3065 praefert
1554 3018 1740 3065 principio
1765 3015 1976 3056 Mandri.
