2112 3496
959 310 1253 352 ...84-

537 435 647 481 τοῒος
676 433 755 488 γὰρ
788 433 878 481 νόος
909 431 1016 473 ἐστὶν
1049 431 1280 488 ἐπιχθονίων
1312 431 1543 490 ἀνθρώπων,

536 500 618 545 οἷον
650 501 711 544 ἐπ’
743 500 852 560 ἦμαρ
884 502 1007 563 ἄγῃσι
1037 505 1169 560 πατὴρ
1203 502 1354 560 ἀνδρῶν
1384 518 1431 545 τε
1463 503 1568 545 θεῶν
1599 519 1658 546 τε.

253 571 350 613 *hic
398 586 455 612 ex
502 573 576 612 illo
625 578 668 613 et
716 573 884 613 ualidus
932 572 1079 613 dixit*.
1145 580 1188 613 et
1234 577 1300 613 est
1337 571 1447 613 haec
1485 571 1701 614 catholica
1733 573 1958 613 sententia.

251 642 576 700 Apollodorus:

680 717 800 767 οὗτος
831 718 1004 768 ἐκαστος
1032 719 1103 760 διὰ
1133 720 1189 760 τὰ
1218 719 1440 776 πράγματα

678 805 822 847 σεμνος
851 790 964 848 ἡμῶν
995 790 1065 832 καὶ
1094 790 1258 840 τάπινος
1286 789 1438 830 sinete:
1470 787 1569 828 cod.
1605 787 1658 828 K.

250 859 402 900 sinete.-
440 871 548 898 corr.
589 858 800 899 Wessner
838 860 880 898 in
917 863 1094 918 γίνεταιε
1139 859 1181 898 in
1221 857 1319 912 eph.
1354 857 1507 912 philol.
1542 858 1686 900 Berol.
1720 857 1777 900 26
1809 854 1960 912 (1906)

250 930 334 970 col.
370 928 467 971 767.
502 928 613 970 haec
643 931 770 982 igitur
801 929 1032 971 habemus:

678 1005 808 1054 οὕτως
838 1003 1026 1054 ἕκαστος,
1059 1002 1154 1046 *δια
1183 1005 1239 1046 τὰ
1267 1005 1504 1062 πράγματα,

681 1070 799 1129 <καὶ>
836 1076 980 1132 σεμνὸς
1009 1077 1122 1132 ἡμῶν
1151 1075 1222 1118 καὶ
1251 1077 1436 1126 ταπεινὸς
1464 1077 1629 1133 γίνεται.

251 1143 431 1185 verbum
471 1146 649 1197 ἕκαστος
686 1158 710 1185 a
748 1157 828 1184 suo
869 1145 1079 1198 genetivo
1113 1148 1226 1204 ἡμῶν
1264 1146 1480 1186 sermonis
1510 1143 1645 1186 Attici
1683 1156 1805 1185 more
1837 1155 1960 1184 com-

250 1215 445 1269 pluribus
477 1215 622 1256 verbis
653 1216 920 1269 interpositis
954 1220 1019 1256 est
1050 1217 1310 1265 seiunctum3
1352 1215 1407 1259 cf.
1440 1215 1557 1257 Men.
1590 1216 1724 1269 Epitr.
1756 1214 1857 1258 549.
1887 1213 1958 1263 50,

251 1294 439 1328 monost.
471 1287 571 1337 434,
606 1286 816 1329 Stratonis
850 1301 873 1327 e
906 1286 1159 1330 Phoenicid.
1193 1287 1266 1341 (K.
1298 1287 1353 1327 III
1385 1301 1461 1340 pg.
1494 1286 1614 1341 361).

392 1359 764 1412 praepositionem
797 1363 869 1404 δια
899 1372 938 1400 ν.
971 1359 1008 1400 1.
1057 1363 1305 1412 corruptam
1339 1372 1517 1400 censeo.
1566 1371 1666 1400 nam
1698 1370 1959 1411 quamquam

251 1444 341 1470 non
373 1431 531 1484 ignoro
563 1434 633 1474 διὰ
664 1443 701 1471 c.
737 1443 879 1471 accus.
941 1431 1090 1484 vigere
1123 1431 1240 1484 apud
1273 1431 1470 1472 comicos
1508 1434 1636 1483 atque
1674 1429 1792 1470 idem
1813 1429 1959 1470 valere

248 1502 370 1555 quod
398 1515 473 1554 per
503 1501 596 1557 (Ar.
620 1502 725 1542 Plut.
754 1501 850 1544 130.
877 1502 914 1543 1.
939 1501 985 1551 33
1025 1501 1119 1543 143.
1144 1501 1201 1557 5),
1233 1506 1379 1542 tamen
1411 1500 1498 1542 hoc
1530 1502 1632 1542 loco
1663 1505 1720 1546 τὰ
1738 1504 1961 1561 πράγματα

250 1573 386 1614 debet
418 1586 516 1614 esse
548 1574 850 1622 nominativus,
886 1578 929 1614 et
958 1574 1137 1627 quidem
1169 1573 1413 1614 subiectum
1437 1574 1528 1614 eius
1551 1573 1805 1622 sententiae,
1828 1585 1959 1627 quarn

250 1645 478 1686 Terentius
527 1646 745 1698 expressit
791 1646 870 1686 sic:
917 1648 964 1687 ut
1009 1659 1077 1688 res
1114 1645 1218 1687 dant
1254 1657 1351 1687 sese.
1422 1649 1649 1698 praeterea
1692 1644 1961 1686 desideratur

251 1717 502 1756 coniunctio
551 1722 605 1769 ὡς
650 1716 880 1757 referenda
917 1717 973 1757 ad
1011 1720 1159 1769 οὕτως
1201 1729 1300 1757 narn
1340 1721 1383 1757 et
1413 1717 1457 1756 in
1489 1716 1689 1757 Homero
1722 1714 1956 1756 habemus:

249 1793 386 1840 τοῖος
414 1792 493 1847 γὰρ
525 1791 618 1840 νόος
649 1790 755 1833 ἐστὶν
788 1820 796 1829 .
823 1820 832 1829 .
859 1820 881 1838 .,
915 1788 1020 1833 οἷον
1052 1784 1112 1833 ἐπ’
1143 1788 1253 1848 ἦμαρ
1277 1790 1401 1849 ἄγῃσι
1425 1819 1433 1830 .
1458 1821 1466 1829 .
1491 1820 1515 1841 .,
1550 1791 1592 1828 et
1614 1787 1731 1840 apud
1752 1786 1957 1830 Ennium:

248 1860 323 1901 ita
353 1859 426 1901 dat
456 1873 502 1902 se
531 1873 611 1912 res,
644 1863 697 1901 ut
728 1873 898 1912 operam
929 1859 1058 1912 dabit,
1092 1864 1134 1900 at
1161 1860 1278 1914 apud
1305 1859 1576 1900 Terentium:
1609 1859 1683 1901 ita
1709 1858 1857 1913 mayni
1878 1889 1887 1899 .
1912 1891 1922 1901 .
1946 1890 1955 1899 .

247 1943 406 1984 sumus,
439 1933 491 1972 ut
521 1944 588 1973 res
618 1931 725 1973 dant
754 1944 860 1983 sese;
893 1931 946 1972 cf.
981 1932 1109 1972 etiam
1141 1930 1322 1973 Philem.
1360 1929 1444 1973 100
1476 1930 1529 1972 K.

605 2006 660 2047 τὰ
690 2003 903 2063 πράγμαθ’
937 2007 996 2056 ὡς
1025 2007 1208 2064 πέφυκεν,
1242 2005 1366 2047 οὕτω
1399 2006 1562 2061 γίνεται.
1836 2039 1842 2046 .

250 2078 304 2125 ὡς
350 2072 476 2114 facile
523 2079 696 2127 poterat
742 2074 1001 2114 intercidere
1047 2079 1152 2127 post
1188 2075 1374 2126 ἕκαστος,
1413 2079 1456 2114 et
1488 2073 1566 2108 ΔΙΛ
1606 2072 1698 2115 fere
1734 2072 1854 2114 idem
1892 2076 1959 2114 est

249 2149 376 2196 atque
409 2145 469 2188 ἄν.
533 2157 664 2198 quare
696 2145 868 2197 scripsi:
1650 2149 1652 2151 ’

604 2219 731 2269 οὕτως
761 2218 946 2269 ἕκαστος,
984 2213 1063 2271 (ὡς
1094 2218 1143 2260 ἂν
1172 2214 1223 2277 ᾗ)
1259 2220 1315 2260 τὰ
1344 2220 1580 2275 πράγματα,

604 2291 672 2332 καὶ
704 2292 850 2348 σεμνὸς
880 2292 992 2348 ἡμῶν
1022 2290 1092 2332 καὶ
1122 2291 1308 2340 ταπεινὸς
1337 2290 1502 2347 γίνεται.

250 2363 304 2411 ὡς
340 2361 387 2402 ἀν
425 2359 450 2419 ᾖ
487 2362 542 2403 τὰ
578 2362 815 2419 πράγματα,
855 2359 948 2400 scil.
980 2364 1242 2417 γεγενημένα,
1280 2359 1400 2412 quod
1439 2357 1785 2399 subaudiendum
1825 2362 1892 2399 est
1933 2370 1957 2399 e

250 2430 387 2470 verbo
427 2432 667 2472 sententiae
707 2431 916 2484 principis
955 2434 1120 2490 γίνεται.
1185 2431 1398 2471 sententia
1436 2435 1526 2471 tota
1556 2428 1667 2470 haec
1700 2433 1784 2471 est:
1817 2429 1958 2472 eodem
2026 2430 2068 2495 [ᾗ

249 2501 382 2554 modo,
422 2515 501 2554 quo
539 2514 607 2543 res
641 2501 762 2554 fiunt,
798 2515 875 2544 nos
906 2514 1065 2555 quoque
1094 2501 1220 2554 fimus
1250 2501 1397 2555 mayni
1426 2504 1464 2543 et
1494 2499 1680 2544 humiles.
1741 2499 1957 2542 interdum

250 2573 487 2624 cogitaram
536 2573 592 2613 de
643 2570 720 2627 <οἴ’
762 2575 810 2618 ἂν
841 2572 910 2634 ᾗ),
958 2573 1039 2614 sed
1077 2572 1228 2613 nescio
1268 2585 1320 2612 an
1359 2585 1448 2613 non
1486 2577 1604 2613 recte
1641 2572 1959 2625 coniungantur

250 2647 379 2696 οὕτως
413 2677 419 2684 .
457 2676 463 2683 .
501 2679 508 2686 .
544 2644 619 2689 οἶα.

932 2752 972 2792 5.
1006 2751 1074 2805 (=
1102 2749 1156 2792 12
1190 2750 1274 2804 K).

1005 2833 1204 2890 [calvus]

391 2928 488 2969 Ter.
537 2929 646 2971 Hec.
694 2944 734 2972 v.
783 2929 883 2972 440.
954 2929 1166 2971 Parmeno
1213 2942 1363 2971 servus
1411 2928 1722 2977 Callidemidis,
1770 2925 1956 2983 hospitis

250 2998 444 3051 Myconii
477 3000 562 3054 (vv.
597 3000 705 3050 433;
740 3000 839 3044 801.
875 2999 933 3055 3),
967 3000 1148 3055 figuram
1181 3000 1247 3042 his
1279 3001 1423 3042 verbis
1455 2999 1680 3042 describit:
