2112 3496
0 3203 9 3265 vva:
0 3163 4 3194 *w
0 3129 5 3134 v

808 275 1106 319 -15-

101 392 180 455 (d.
207 393 396 440 Terenti-
418 407 538 437 arses
567 396 643 444 sic,
678 392 809 444 On'to,
842 395 903 439 est
932 394 1031 451 hic).
1059 417 1119 426 —·
1146 393 1205 437 ad
1235 393 1347 437 haec
1376 407 1538 436 novem
1569 393 1814 449 fragmenta

101 465 275 515 Μ
301 478 451 517 unum,
482 467 606 509 cuius
637 467 732 520 ipsa
762 466 898 508 verba
928 479 1018 508 non
1048 470 1283 508 servantur.

521 635 525 639 ⁴
776 583 844 627 10.
875 583 945 639 (=
967 584 1027 627 46
1058 584 1142 641 K.).

445 668 552 722 (non
574 668 755 723 pandum
785 670 1003 725 interesse)
1036 682 1094 711 ex
1125 670 1271 711 animo
1303 668 1462 719 omnia,

447 745 493 781 ut
522 739 603 782 fert
634 746 783 781 natura
813 739 957 789 facias,
990 753 1044 781 an
1076 740 1133 781 de
1165 740 1383 781 industria.

242 833 344 879 Ter.
360 833 501 876 Andr.
510 849 550 877 v.
560 833 662 880 794.
679 834 720 884 ὃ,
739 847 840 876 cum
863 834 1000 887 Mysis
1023 833 1256 876 Chremete
1280 835 1472 888 decepto
1493 835 1663 876 Davum
1684 833 1813 874 inter-

100 905 284 963 rogavit,
317 919 395 950 cur
423 906 507 948 sibi
539 919 629 947 non
661 906 954 960 praedixisset
974 919 1022 947 se
1046 919 1144 948 esse
1166 906 1478 954 simulaturum,
1511 917 1660 947 servus
1680 902 1811 945 haec:

438 987 622 1042 paulum
652 989 851 1031 interesse
881 1001 1031 1034 censes,
1064 1001 1115 1030 ex
1144 989 1286 1031 animo
1317 988 1474 1040 onmia,

443 1064 492 1102 ut
522 1061 606 1114 fert
637 1064 795 1102 natura
825 1059 967 1113 facias
995 1073 1053 1101 an
1083 1058 1135 1102 de
1164 1057 1409 1102 industria?

100 1145 158 1188 ad
187 1157 300 1200 quae
334 1139 548 1186 Donatust

243 1215 302 1272 (3)
326 1215 510 1270 paulum
542 1213 760 1271 interesse]
793 1222 837 1256 et
857 1213 968 1256 haec
988 1215 1204 1256 sententia
1227 1228 1251 1256 a
1274 1214 1480 1256 Terentio
1502 1216 1814 1275 ἐρωτηματυιῶς

0 1311 10 1347 3
98 1287 271 1344 prolata
301 1293 380 1336 est,
413 1300 542 1340 quam
576 1286 820 1327 Menander
850 1288 1123 1339 ἐπιδεικτικῶς
1152 1286 1311 1340 posuit.

243 1358 398 1401 horum
449 1359 605 1399 decem
650 1371 762 1411 quae
803 1358 1077 1399 tractavimus
1119 1357 1459 1411 fragmentorum
1507 1370 1610 1399 suus
1654 1358 1810 1411 cuique

96 1419 273 1475 constat
301 1431 425 1472 locus
458 1430 566 1470 intra
597 1428 786 1470 fabulam
811 1428 1144 1478 Menandream;
1178 1433 1311 1470 restat
1340 1441 1486 1478 unum,
1519 1429 1588 1470 cui
1615 1428 1811 1469 nondum

98 1503 204 1545 ntis
233 1507 353 1544 certe
386 1507 453 1542 est
483 1506 693 1555 repertus.

773 1618 840 1660 11.
871 1618 939 1673 (=
964 1618 1021 1660 48
1054 1619 1141 1673 K.).

955 1706 1004 1746 τὸ
1034 1700 1074 1746 δ’
1108 1704 1202 1761 ἐρᾶν
1232 1703 1437 1747 ἐπισκοτεῖ

542 1775 702 1827 ἅπασιν,
734 1777 789 1825 ὡς
819 1773 941 1827 ἔοικε,
973 1774 1044 1816 καὶ
1072 1778 1158 1825 τοῖς
1189 1775 1374 1832 εὐλόγοις

540 1847 611 1888 καὶ
638 1849 727 1896 τοῖς
755 1851 893 1896 κακῶς
924 1844 1093 1904 ἔχουσιν.

242 1951 354 1992 quae
382 1938 506 1980 affert
526 1937 744 1980 Stobaeus
775 1939 818 1979 in
851 1938 944 1980 flor.
968 1938 1016 1979 11.
1047 1953 1090 1992 p.
1114 1937 1202 1981 462
1219 1938 1261 1979 H
1286 1938 1355 1993 (ΙΙ.
1378 1952 1422 1992 p.
1445 1937 1531 1980 387
1554 1937 1705 1995 Mein.)
1725 1940 1809 1982 sic:

95 2011 333 2071 Μαιάνδρου
364 2005 552 2070 Ἀνδρίῳ
584 2013 692 2059 m)...
731 2011 811 2051 nisi
849 2010 971 2063 quod
1004 2010 1100 2050 iibri
1133 2008 1345 2051 exhibent
1374 2012 1555 2069 εὐλόγως
1585 2015 1630 2051 et
1658 2013 1808 2064 καλῶς.

97 2081 181 2124 sed
210 2082 296 2123 iam
329 2082 501 2135 pridem
534 2081 734 2122 viderunt
764 2082 885 2122 docti
917 2081 977 2122 ob
1010 2079 1326 2122 dichotomiam
1359 2082 1517 2135 ἅπασιν,
1548 2084 1619 2126 καὶ
1640 2116 1652 2127 .
1674 2117 1685 2127 .
1708 2115 1719 2125 .
1741 2086 1812 2128 καὶ

96 2150 281 2195 verbum
301 2155 443 2206 καλῶς
462 2158 565 2207 post
585 2155 767 2212 εὐλόγως
797 2158 1048 2206 corruptum
1082 2165 1180 2193 esse
1213 2152 1555 2205 mutandamque
1587 2153 1630 2193 in
1660 2162 1809 2207 κακῶς,

97 2223 220 2279 quod
249 2224 414 2278 primus
446 2222 549 2265 fecit
570 2222 775 2265 Clericus.
823 2237 905 2278 pro
938 2226 1119 2283 εὐλόγως
1149 2223 1392 2264 maluerunt
1412 2223 1605 2276 Blaydes
1635 2226 1812 2286 εὐπόρως

95 2292 192 2351 (vix
216 2294 356 2348 recte)
385 2300 430 2335 et
449 2293 499 2335 E.
524 2293 768 2335 Hoffmann
788 2293 919 2350 (Mus.
951 2292 1089 2335 Rhen.
1123 2294 1195 2336 41.
1221 2293 1325 2348 152)
1356 2295 1399 2339 εὖ
1421 2297 1551 2355 λόγῳ.
1613 2307 1700 2349 ego
1733 2308 1808 2337 co·

97 2366 247 2408 dicum
282 2365 521 2407 lectionem
559 2379 689 2419 quam
727 2367 919 2407 maxime
957 2371 1131 2408 secutus
1169 2365 1257 2407 hoc
1293 2365 1499 2407 volebam
1536 2365 1687 2408 scribi:
1723 2374 1811 2422 τοῖς

95 2438 296 2496 εὐλόγοις.
356 2441 448 2478 tum
480 2443 614 2491 poeta
644 2442 747 2491 post
775 2439 971 2498 εὐλόγοις,
1011 2450 1174 2491 nempe
1206 2451 1261 2478 ne
1300 2437 1431 2478 nimia
1467 2442 1655 2479 uteretur
1690 2451 1810 2480 acer·

97 2507 247 2557 bitate,
284 2509 545 2550 contrarium
579 2509 746 2566 ἀλόγοις
781 2509 955 2550 evitavit
990 2508 1086 2553 κατ’
1118 2509 1365 2570 εὐφημισμόν
1403 2506 1491 2549 hoc
1528 2508 1684 2550 modo:
1721 2515 1811 2563 τοῖς

95 2586 236 2632 m&
280 2579 436 2639 ἔχουσιν
482 2578 582 2631 (den
614 2577 920 2635 Venn'inftiyen
962 2579 1051 2621 und
1088 2579 1197 2622 auch
1233 2579 1378 2632 denen,
1422 2579 1488 2622 bei
1515 2578 1649 2623 denen
1682 2593 1727 2623 es
1761 2581 1810 2624 in

95 2650 237 2695 dieser
267 2648 471 2693 Hinsicht
500 2649 682 2693 8012ch
711 2650 896 2708 stolam).

239 2721 499 2776 quibuscum
536 2721 680 2762 verbis
712 2721 893 2763 Grauert
929 2721 970 2775 (1.
1002 2734 1039 2763 c.
1074 2734 1149 2776 pg.
1187 2720 1285 2775 179)
1324 2721 1509 2763 contulit
1537 2720 1637 2764 Ter.
1667 2721 1805 2765 Andr.

96 2805 137 2833 v.
168 2790 271 2835 217.
304 2791 345 2835 8.
1256 2803 1262 2811 ·

241 2909 268 2952 ¹)
291 2910 495 2944 levi-sinam
525 2910 612 2943 hane
642 2910 929 2954 permutationem
960 2910 1094 2944 littera
1124 2924 1154 2947 υ
1184 2911 1221 2945 in
1250 2923 1281 2947 οι
1311 2912 1378 2944 inm
1403 2922 1423 2944 ι
1446 2911 1618 2945 Meinekio
1641 2912 1725 2955 (vol⁴
1750 2912 1806 2946 1v.

94 2968 205 3012 pnes.
228 2969 367 3012 Lxxn)
391 2980 467 3003 ene
491 2970 618 3003 iusum
642 2974 765 3013 ponte·
789 2970 924 3003 demum
948 2969 1028 3004 vidi.
