2112 3496
1017 319 1309 363 -28—

301 442 536 482 audaciore
569 445 612 480 ut
650 441 818 480 videtur
856 440 968 480 servi
1006 452 1235 492 responso,
1276 438 1395 491 quod
1428 438 1523 479 Leo
1559 439 1688 481 valde
1729 437 2017 492 probabiliter

304 512 566 553 informavit:
600 513 698 565 ἕξειν
729 514 843 571 χάριν
877 509 1018 569 [ὤιμην
1050 507 1356 571 φρενουμένου]ς
1387 510 1450 571 ὑφ’
1482 513 1607 570 ἡμῶν.

445 597 484 623 ν.
518 583 587 624 21.
641 583 813 635 scripsi:
863 579 1028 641 ἀρτί]ως
1073 583 1256 643 ἀφίκετο,
1306 580 1471 635 hospes
1519 581 1613 626 scil.
1661 581 1742 623 ille
1774 578 2015 622 Perinthius

302 653 438 709 (Crito
475 652 789 707 Terentianus),
838 666 969 706 quem
1013 653 1206 707 puellam
1250 651 1461 707 herediil)
1499 653 1676 694 alicuius
1715 665 1845 694 causa
1882 664 2014 706 quae-

299 727 453 768 sivisse
486 726 768 778 suspicamur,
804 738 862 765 ex
893 737 980 778 quo
1013 723 1195 766 heredio
1229 725 1362 765 altera
1384 724 1577 765 debebat
1598 724 1796 777 pendere
1816 724 2014 778 quaestio

303 799 360 838 de
393 798 530 838 libera
560 798 736 850 puellae
770 797 953 850 origine.
986 819 1045 826 —-
1075 794 1262 849 hospitis
1295 796 1529 837 adventum
1563 796 1684 837 docti
1720 799 1872 849 putant
1907 807 2014 836 nun-

301 869 450 909 tiatum
483 881 581 909 esse
616 881 640 908 a
662 866 855 921 Pyrrhia;
885 867 967 908 sed
999 868 1043 908 in
1074 880 1291 920 personae
1323 872 1428 908 nota
1458 866 1648 927 Πυρρ]ίας
1675 867 1893 908 exstitisse
1924 879 2015 908 non

302 940 450 989 credo,
500 941 598 992 quia
638 940 711 980 ille
753 939 855 979 inde
897 952 920 979 a
950 953 990 979 v.
1026 938 1049 980 1
1091 951 1115 979 a
1155 937 1359 979 Lachetis
1399 939 1535 979 latere
1577 951 1667 978 non
1708 938 1893 979 secessit
1930 950 2016 979 nec

301 1011 532 1063 quicquam
564 1014 714 1064 potest
746 1011 870 1059 scire,
910 1010 1013 1062 quin
1051 1022 1192 1050 senex
1229 1022 1404 1062 quoque
1443 1010 1569 1058 seiat;
1608 1013 1836 1062 praeterea
1871 1009 2015 1050 lorarii

301 1096 391 1122 non
424 1082 568 1122 solent
606 1082 780 1123 nuntios
813 1081 979 1122 afferre.
1045 1081 1249 1134 equidem
1289 1079 1467 1122 confido
1507 1080 1658 1121 erilem
1697 1079 1833 1121 filium
1870 1081 2014 1134 ipsum

303 1153 391 1207 (vix
422 1153 643 1205 quendam
677 1153 768 1193 eius
801 1152 1014 1201 sodalem,
1049 1156 1095 1192 ut
1124 1153 1167 1192 in
1190 1149 1404 1204 Mostell.)
1436 1152 1482 1192 id
1513 1153 1732 1193 nuntiasse
1766 1157 1810 1193 et
1840 1164 2014 1192 servum

297 1237 472 1265 summo
497 1238 520 1265 e
543 1224 740 1278 periculo
762 1223 985 1266 liberasse.
1040 1236 1140 1264 nam
1163 1223 1366 1264 iuvenum
1388 1224 1566 1264 nomina
1587 1224 1831 1277 compluria
1851 1228 2016 1264 exeunt

299 1295 344 1335 in
376 1299 470 1351 -ίας,
502 1296 620 1336 velut
651 1295 912 1336 Terentiana
943 1297 1134 1348 Κλεινίας
1165 1297 1365 1355 Φαιδρίας
1395 1297 1564 1348 Φειδίας
1590 1295 1687 1336 alia.

968 1413 1009 1456 5.
1044 1414 1110 1468 (=
1138 1411 1225 1456 395
1257 1412 1343 1464 K.).

1096 1489 1157 1537 ὅσ’
1192 1493 1279 1536 ἔστι
1311 1494 1482 1552 μαλακὰ
1512 1492 1728 1538 συλλαβών

644 1567 691 1608 ὲκ
722 1571 797 1619 τῆς
826 1567 983 1616 πόλεως
1013 1567 1063 1608 τὸ
1096 1565 1264 1608 σύνολον
1296 1565 1455 1619 ἐκπήδα
1486 1565 1600 1623 φίλος

645 1637 814 1680 θᾶττον.

442 1730 666 1765 servantur
698 1724 815 1778 apud
849 1724 1073 1764 Pollucem
1110 1723 1258 1772 10‚12:
1298 1725 1486 1767 ἐκαλεῖτο
1524 1726 1572 1767 δὲ
1609 1730 1744 1768 ταῦτα
1777 1720 1847 1776 (τὰ
1877 1723 2015 1779 σκεύη)

295 1799 372 1840 ὑπὸ
405 1804 486 1840 τῶν
516 1800 720 1855 νεωτέρων
751 1799 820 1840 καὶ
852 1798 1037 1854 μαλακά,
1069 1794 1152 1840 οἷον
1183 1797 1528 1855 εὐμεταχείριστα,
1572 1799 1627 1847 ὡς
1663 1794 1746 1839 stne
1780 1796 2014 1854 Μένανδρος

299 1870 340 1911 ἐν
371 1874 425 1929 τῇ
456 1869 658 1927 Περινθίᾳ.
700 1890 755 1897 -
795 1865 855 1912 ὅσ’
890 1869 978 1912 ἔστι
1015 1869 1187 1926 μαλακά
1219 1865 1404 1918 Bentley
1436 1867 1617 1907 restituit
1650 1879 1674 1907 e
1705 1866 1839 1907 codd.
1870 1867 1892 1911 ὅ
1924 1867 2013 1911 ἐστι

299 1941 498 1998 μαλακόν.
564 1942 680 2000 φίλος
710 1937 894 1979 exhibet
924 1938 971 1989 C,
1006 1940 1162 1983 θᾶττον
1194 1938 1243 1988 Ρ;
1278 1951 1388 1990 quae
1421 1937 1751 1991 coniungenda;
1786 1950 1886 1978 nam
1917 1949 2012 1978 ver-

299 2010 404 2051 bum
437 2012 593 2055 θᾶττον
625 2024 715 2051 non
747 2024 843 2051 raro
875 2011 1156 2063 postponitur
1193 2022 1272 2050 suo
1311 2007 1567 2062 imperativo
1607 2022 1707 2050 cum
1745 2009 1786 2050 vi
1822 2008 2011 2062 quadam

299 2082 574 2135 impellendi:
596 2082 756 2123 Eubuli
778 2081 824 2123 fr.
849 2080 937 2124 100
958 2081 1011 2135 (ΙΙ
1036 2080 1140 2134 199)
1162 2084 1236 2126 λῦε
1253 2082 1517 2141 τάλαβάστια
1545 2079 1551 2137 Ι
1578 2083 1736 2125 θᾶττον
1759 2083 1807 2126 σὺ
1827 2082 1898 2125 καὶ
1919 2113 1928 2123 .
1948 2112 1958 2120 .
1979 2094 2010 2128 ·3

294 2152 458 2194 Cratini
498 2152 582 2195 123
622 2153 653 2206 (Ι
691 2152 768 2208 52)
807 2156 881 2198 οὐκ
919 2154 1155 2213 ἀπερρήσεις
1190 2156 1237 2197 σὺ
1276 2154 1451 2207 θᾶττονς
1502 2152 1616 2194 Men.
1655 2150 1772 2194 Sam.
1811 2149 1899 2193 334
1936 2153 2012 2196 οὐκ

298 2226 524 2283 εἰσδραμών
552 2226 557 2277 1
585 2227 742 2269 θᾶττον
775 2227 939 2279 ἐξοίσεις
971 2227 998 2268 ἅ
1029 2236 1151 2285 φημι;

442 2296 536 2336 sine
575 2295 710 2336 dubio
750 2294 821 2337 hic
859 2296 999 2349 agitur
1036 2296 1092 2336 de
1131 2300 1323 2337 amatore
1368 2296 1560 2348 quodam
1599 2294 1875 2344 infortunato,
1918 2294 2010 2335 sive

299 2366 393 2419 ipse
427 2367 630 2408 ducturus
665 2371 731 2408 est
761 2368 988 2408 mulierem
1021 2367 1103 2408 sibi
1131 2368 1312 2408 invisam
1335 2366 1396 2420 (ut
1418 2365 1673 2420 Pamphilus
1693 2363 2008 2419 Terentianus),

298 2438 388 2478 sive
423 2437 477 2478 ab
511 2438 596 2479 alio
629 2439 784 2480 iuvene
815 2438 1052 2492 privabitur
1083 2438 1223 2478 amica
1254 2442 1318 2491 (ut
1345 2435 1561 2480 Charinus
1582 2437 1779 2478 eiusdem
1802 2435 2008 2489 fabulae).

297 2522 447 2548 verum
488 2511 622 2550 multo
662 2510 837 2550 maioris
875 2510 1087 2550 momenti
1126 2521 1224 2550 esse
1264 2508 1368 2549 mihi
1405 2509 1574 2549 videtur
1611 2507 1714 2549 hoc:
1753 2507 1901 2548 omnia
1936 2506 2010 2548 illa

298 2578 431 2620 verba
464 2581 654 2622 amicus
689 2581 815 2622 dicit
847 2581 1031 2630 amico,
1065 2581 1164 2633 quia
1195 2580 1280 2620 tale
1313 2579 1542 2620 consilium
1574 2579 1618 2619 in
1649 2578 1872 2619 neminem
1893 2577 2011 2619 cadit

298 2651 377 2691 nisi
415 2652 456 2691 in
496 2652 708 2694 iuvenem.
770 2657 898 2707 atque
935 2653 1064 2694 totius
1108 2652 1338 2705 fragmenti
1374 2651 1478 2705 ἦδος
1514 2649 1645 2703 plane
1683 2648 1802 2690 idem
1851 2652 1918 2690 est
1956 2660 2009 2690 ac

298 2734 548 2763 scaenarum
573 2738 597 2764 a
619 2723 899 2765 Philumenae
932 2728 1125 2765 amatore
1158 2728 1201 2764 et
1232 2735 1400 2776 sponso
1429 2725 1640 2774 actarum3
1674 2719 1727 2761 cf.
1750 2731 1862 2773 quae
1884 2719 2007 2760 Pam·

298 2791 442 2844 philus
466 2793 652 2835 Charino
676 2795 882 2836 auxilium
905 2796 1223 2847 consiliumque
1246 2794 1410 2848 petenti
1438 2792 1682 2846 respondet
1702 2790 1858 2843 (Andr.
1880 2788 2006 2846 320):

439 2865 569 2918 neque
596 2865 667 2919 pol
699 2865 849 2908 consili
879 2865 1014 2909 locum
1045 2865 1172 2908 habeo
1203 2878 1335 2920 neque
1365 2864 1422 2907 ad
1452 2863 1661 2907 auoeilium
1691 2861 1855 2917 copiam

301 2939 342 2972 ct
374 2947 482 2986 quae
517 2937 620 2976 dicit
652 2935 860 2978 Charinus
894 2937 1012 2992 (322.
1047 2937 1133 2980 327
1151 2936 1255 2990 sq.):

300 2999 309 3001 h
334 3000 343 3001 ἶ
373 3000 392 3003 ᾧ
411 3002 642 3061 Π’Ϋ)Ϋ1ὀι’μίᾲῐιίὴ.
675 3016 730 3056 18;
757 3020 832 3052 Ter.
859 3018 962 3051 Andr.
988 3017 1068 3052 815.
