<?xml version="1.0" encoding="UTF-8"?>
<!DOCTYPE html PUBLIC "-//W3C//DTD XHTML 1.0 Transitional//EN"
    "http://www.w3.org/TR/xhtml1/DTD/xhtml1-transitional.dtd">
<html xmlns="http://www.w3.org/1999/xhtml" xml:lang="en" lang="en">
 <head>
  <title>
</title>
<meta http-equiv="Content-Type" content="text/html;charset=utf-8" />
  <meta name='ocr-system' content='tesseract 3.04.00' />
  <meta name='ocr-capabilities' content='ocr_page ocr_carea ocr_par ocr_line ocrx_word'/>
</head>
<body>
  <div class='ocr_page' id='page_1' title='image "./quaestionescomic00saekuoft_0046.png"; bbox 0 0 2112 3496; ppageno 0'>
   <div class='ocr_carea' id='block_1_1' title="bbox 1013 315 1307 358">
    <p class='ocr_par' dir='ltr' id='par_1_1' title="bbox 1013 315 1307 358">
     <span class='ocr_line' id='line_1_1' title="bbox 1013 315 1307 358; baseline 0 -12"><span class='ocrx_word' id='word_1_1' title='bbox 1013 315 1307 358; x_wconf 74' lang='lat'>-40-</span> 
     </span>
    </p>
   </div>
   <div class='ocr_carea' id='block_1_2' title="bbox 302 433 2015 1591">
    <p class='ocr_par' dir='ltr' id='par_1_2' title="bbox 302 433 2015 977">
     <span class='ocr_line' id='line_1_2' title="bbox 306 433 2012 497; baseline -0.002 -17"><span class='ocrx_word' id='word_1_2' title='bbox 306 440 416 480; x_wconf 81' lang='grc' dir='ltr'>κατὰ</span> <span class='ocrx_word' id='word_1_3' title='bbox 446 440 517 480; x_wconf 79' lang='grc' dir='ltr'>τὸν</span> <span class='ocrx_word' id='word_1_4' title='bbox 548 438 763 497; x_wconf 75' lang='grc' dir='ltr'>Σοφοκλέα</span> <span class='ocrx_word' id='word_1_5' title='bbox 795 435 928 489; x_wconf 75' lang='lat' dir='ltr'>(Oed.</span> <span class='ocrx_word' id='word_1_6' title='bbox 964 449 1054 488; x_wconf 85' lang='lat' dir='ltr'>reg.</span> <span class='ocrx_word' id='word_1_7' title='bbox 1092 435 1175 476; x_wconf 89' lang='lat'>110</span> <span class='ocrx_word' id='word_1_8' title='bbox 1209 440 1314 488; x_wconf 88' lang='lat' dir='ltr'>sq.)-</span> <span class='ocrx_word' id='word_1_9' title='bbox 1351 439 1407 479; x_wconf 84' lang='grc' dir='ltr'>τὰ</span> <span class='ocrx_word' id='word_1_10' title='bbox 1435 433 1601 494; x_wconf 77' lang='grc' dir='ltr'>δ’ὅμοια</span> <span class='ocrx_word' id='word_1_11' title='bbox 1630 437 1700 479; x_wconf 78' lang='grc' dir='ltr'>καὶ</span> <span class='ocrx_word' id='word_1_12' title='bbox 1731 436 1960 490; x_wconf 76' lang='grc' dir='ltr'>Μένανδρος</span> <span class='ocrx_word' id='word_1_13' title='bbox 1990 434 2012 477; x_wconf 85' lang='grc' dir='ltr'>ὁ</span> 
     </span>
     <span class='ocr_line' id='line_1_3' title="bbox 308 505 2013 567; baseline -0.005 -15"><span class='ocrx_word' id='word_1_14' title='bbox 308 511 485 567; x_wconf 83' lang='grc' dir='ltr'>κωμικὸς</span> <span class='ocrx_word' id='word_1_15' title='bbox 505 512 634 567; x_wconf 86' lang='grc' dir='ltr'>λέγει·</span> <span class='ocrx_word' id='word_1_16' title='bbox 673 511 781 556; x_wconf 68' lang='grc' dir='ltr'>κτλ,</span> <span class='ocrx_word' id='word_1_17' title='bbox 816 507 897 547; x_wconf 88' lang='lat' dir='ltr'>nisi</span> <span class='ocrx_word' id='word_1_18' title='bbox 929 506 1048 559; x_wconf 91' lang='lat' dir='ltr'>quod</span> <span class='ocrx_word' id='word_1_19' title='bbox 1072 506 1203 547; x_wconf 92' lang='lat' dir='ltr'>codd.</span> <span class='ocrx_word' id='word_1_20' title='bbox 1237 509 1275 551; x_wconf 86' lang='grc' dir='ltr'>οἱ</span> <span class='ocrx_word' id='word_1_21' title='bbox 1302 508 1548 566; x_wconf 85' lang='grc' dir='ltr'>σοφώτατοι,</span> <span class='ocrx_word' id='word_1_22' title='bbox 1582 506 1662 546; x_wconf 88' lang='lat' dir='ltr'>sed</span> <span class='ocrx_word' id='word_1_23' title='bbox 1694 505 2013 559; x_wconf 82' lang='lat' dir='ltr'>comparativus</span> 
     </span>
     <span class='ocr_line' id='line_1_4' title="bbox 308 575 2015 631; baseline -0.002 -12"><span class='ocrx_word' id='word_1_24' title='bbox 308 579 444 619; x_wconf 88' lang='lat' dir='ltr'>multo</span> <span class='ocrx_word' id='word_1_25' title='bbox 485 579 725 631; x_wconf 83' lang='lat' dir='ltr'><strong>elegantior</strong></span> <span class='ocrx_word' id='word_1_26' title='bbox 763 583 840 620; x_wconf 87' lang='lat' dir='ltr'>est.</span> <span class='ocrx_word' id='word_1_27' title='bbox 887 601 932 607; x_wconf 87' lang='lat'>-—</span> <span class='ocrx_word' id='word_1_28' title='bbox 977 577 1266 631; x_wconf 83' lang='lat' dir='ltr'>fragmentum</span> <span class='ocrx_word' id='word_1_29' title='bbox 1307 578 1449 631; x_wconf 88' lang='lat' dir='ltr'>ipsum</span> <span class='ocrx_word' id='word_1_30' title='bbox 1489 576 1593 617; x_wconf 89' lang='lat' dir='ltr'>mihi</span> <span class='ocrx_word' id='word_1_31' title='bbox 1631 576 1810 630; x_wconf 91' lang='lat' dir='ltr'>quidem</span> <span class='ocrx_word' id='word_1_32' title='bbox 1844 575 2015 617; x_wconf 84' lang='lat' dir='ltr'>videtur</span> 
     </span>
     <span class='ocr_line' id='line_1_5' title="bbox 305 648 2012 703; baseline -0.002 -12"><span class='ocrx_word' id='word_1_33' title='bbox 305 651 523 703; x_wconf 88' lang='lat' dir='ltr'>pertinere</span> <span class='ocrx_word' id='word_1_34' title='bbox 563 650 619 690; x_wconf 93' lang='lat' dir='ltr'>ad</span> <span class='ocrx_word' id='word_1_35' title='bbox 650 663 854 690; x_wconf 85' lang='lat' dir='ltr'>scaenam</span> <span class='ocrx_word' id='word_1_36' title='bbox 894 648 935 700; x_wconf 85' lang='lat'>2,</span> <span class='ocrx_word' id='word_1_37' title='bbox 969 649 1015 697; x_wconf 87' lang='lat'>3;</span> <span class='ocrx_word' id='word_1_38' title='bbox 1055 649 1115 690; x_wconf 92' lang='lat' dir='ltr'>ibi</span> <span class='ocrx_word' id='word_1_39' title='bbox 1148 648 1342 690; x_wconf 82' lang='lat' dir='ltr'>Chaerea</span> <span class='ocrx_word' id='word_1_40' title='bbox 1380 648 1628 689; x_wconf 88' lang='lat' dir='ltr'>festinando</span> <span class='ocrx_word' id='word_1_41' title='bbox 1667 648 1939 689; x_wconf 83' lang='lat' dir='ltr'>exanimatus</span> <span class='ocrx_word' id='word_1_42' title='bbox 1970 648 2012 688; x_wconf 89' lang='lat' dir='ltr'>in</span> 
     </span>
     <span class='ocr_line' id='line_1_6' title="bbox 306 718 2012 774; baseline -0.002 -12"><span class='ocrx_word' id='word_1_43' title='bbox 306 734 509 762; x_wconf 89' lang='lat' dir='ltr'>scaenam</span> <span class='ocrx_word' id='word_1_44' title='bbox 563 722 722 774; x_wconf 87' lang='lat' dir='ltr'>prodit.</span> <span class='ocrx_word' id='word_1_45' title='bbox 808 719 1108 762; x_wconf 89' lang='lat' dir='ltr'>Philumenam</span> <span class='ocrx_word' id='word_1_46' title='bbox 1155 735 1179 762; x_wconf 90' lang='lat' dir='ltr'>a</span> <span class='ocrx_word' id='word_1_47' title='bbox 1229 720 1419 774; x_wconf 88' lang='lat' dir='ltr'>parasito</span> <span class='ocrx_word' id='word_1_48' title='bbox 1467 720 1523 760; x_wconf 90' lang='lat' dir='ltr'>ad</span> <span class='ocrx_word' id='word_1_49' title='bbox 1573 718 1788 761; x_wconf 91' lang='lat' dir='ltr'>Thaidem</span> <span class='ocrx_word' id='word_1_50' title='bbox 1836 718 2012 760; x_wconf 90' lang='lat' dir='ltr'>ductam</span> 
     </span>
     <span class='ocr_line' id='line_1_7' title="bbox 305 790 2013 845; baseline -0.001 -12"><span class='ocrx_word' id='word_1_51' title='bbox 305 798 477 834; x_wconf 87' lang='lat' dir='ltr'>secutus</span> <span class='ocrx_word' id='word_1_52' title='bbox 510 793 551 832; x_wconf 89' lang='lat' dir='ltr'>in</span> <span class='ocrx_word' id='word_1_53' title='bbox 585 793 735 832; x_wconf 90' lang='lat' dir='ltr'>itinere</span> <span class='ocrx_word' id='word_1_54' title='bbox 769 806 793 832; x_wconf 92' lang='lat' dir='ltr'>a</span> <span class='ocrx_word' id='word_1_55' title='bbox 823 793 957 845; x_wconf 87' lang='lat' dir='ltr'>patris</span> <span class='ocrx_word' id='word_1_56' title='bbox 989 797 1181 845; x_wconf 80' lang='lat' dir='ltr'>cognato</span> <span class='ocrx_word' id='word_1_57' title='bbox 1214 792 1406 845; x_wconf 91' lang='lat' dir='ltr'>quodam</span> <span class='ocrx_word' id='word_1_58' title='bbox 1439 796 1506 832; x_wconf 91' lang='lat' dir='ltr'>est</span> <span class='ocrx_word' id='word_1_59' title='bbox 1537 791 1780 844; x_wconf 80' lang='lat' dir='ltr'>appellatus</span> <span class='ocrx_word' id='word_1_60' title='bbox 1812 794 1857 832; x_wconf 87' lang='lat' dir='ltr'>et</span> <span class='ocrx_word' id='word_1_61' title='bbox 1884 790 2013 844; x_wconf 84' lang='lat' dir='ltr'>virgi-</span> 
     </span>
     <span class='ocr_line' id='line_1_8' title="bbox 305 861 2015 917; baseline 0.001 -13"><span class='ocrx_word' id='word_1_62' title='bbox 305 878 405 904; x_wconf 89' lang='lat' dir='ltr'>nem</span> <span class='ocrx_word' id='word_1_63' title='bbox 430 878 454 904; x_wconf 93' lang='lat' dir='ltr'>e</span> <span class='ocrx_word' id='word_1_64' title='bbox 476 869 719 917; x_wconf 89' lang='lat' dir='ltr'>conspectu</span> <span class='ocrx_word' id='word_1_65' title='bbox 744 864 896 905; x_wconf 90' lang='lat' dir='ltr'>amisit.</span> <span class='ocrx_word' id='word_1_66' title='bbox 960 864 1041 905; x_wconf 89' lang='lat' dir='ltr'>sed</span> <span class='ocrx_word' id='word_1_67' title='bbox 1072 877 1335 917; x_wconf 89' lang='lat' dir='ltr'>quamquam</span> <span class='ocrx_word' id='word_1_68' title='bbox 1367 865 1553 906; x_wconf 71' lang='lat' dir='ltr'>incertus</span> <span class='ocrx_word' id='word_1_69' title='bbox 1585 867 1662 912; x_wconf 89' lang='lat' dir='ltr'>est,</span> <span class='ocrx_word' id='word_1_70' title='bbox 1695 874 1825 916; x_wconf 76' lang='lat' dir='ltr'>quam</span> <span class='ocrx_word' id='word_1_71' title='bbox 1845 861 2015 905; x_wconf 60' lang='lat' dir='ltr'>ivm-880&amp;</span> 
     </span>
     <span class='ocr_line' id='line_1_9' title="bbox 302 934 1091 989; baseline 0 -12"><span class='ocrx_word' id='word_1_72' title='bbox 302 937 429 989; x_wconf 78' lang='lat' dir='ltr'>viam,</span> <span class='ocrx_word' id='word_1_73' title='bbox 462 940 609 976; x_wconf 88' lang='lat' dir='ltr'>tamen</span> <span class='ocrx_word' id='word_1_74' title='bbox 641 934 728 976; x_wconf 93' lang='lat' dir='ltr'>hoc</span> <span class='ocrx_word' id='word_1_75' title='bbox 760 936 881 976; x_wconf 86' lang='lat' dir='ltr'>addit</span> <span class='ocrx_word' id='word_1_76' title='bbox 912 949 950 976; x_wconf 78' lang='lat' dir='ltr'>v,</span> <span class='ocrx_word' id='word_1_77' title='bbox 986 935 1091 977; x_wconf 75' lang='lat'>295·</span> 
     </span>
    </p>

    <p class='ocr_par' dir='ltr' id='par_1_3' title="bbox 302 1004 2014 1282">
     <span class='ocr_line' id='line_1_10' title="bbox 446 1004 2012 1060; baseline 0 -13"><span class='ocrx_word' id='word_1_78' title='bbox 446 1041 472 1047; x_wconf 88' lang='lat'>-</span> <span class='ocrx_word' id='word_1_79' title='bbox 494 1023 524 1047; x_wconf 67' lang='grc' dir='ltr'>-ι</span> <span class='ocrx_word' id='word_1_80' title='bbox 544 1031 573 1047; x_wconf 63' lang='lat' dir='ltr'>o</span> <span class='ocrx_word' id='word_1_81' title='bbox 609 1006 698 1049; x_wconf 69' lang='lat' dir='ltr'>dna</span> <span class='ocrx_word' id='word_1_82' title='bbox 735 1006 838 1048; x_wconf 81' lang='lat' dir='ltr'>haee</span> <span class='ocrx_word' id='word_1_83' title='bbox 873 1007 969 1059; x_wconf 78' lang='lat' dir='ltr'>spe&#39;s</span> <span class='ocrx_word' id='word_1_84' title='bbox 1004 1010 1083 1049; x_wconf 81' lang='lat' dir='ltr'>est:</span> <span class='ocrx_word' id='word_1_85' title='bbox 1130 1007 1203 1049; x_wconf 83' lang='lat' dir='ltr'>ubi</span> <span class='ocrx_word' id='word_1_86' title='bbox 1237 1006 1311 1048; x_wconf 67' lang='lat' dir='ltr'>aba·</span> <span class='ocrx_word' id='word_1_87' title='bbox 1348 1009 1419 1055; x_wconf 80' lang='lat' dir='ltr'>est,</span> <span class='ocrx_word' id='word_1_88' title='bbox 1468 1005 1544 1047; x_wconf 81' lang='lat' dir='ltr'>dia</span> <span class='ocrx_word' id='word_1_89' title='bbox 1582 1004 1711 1047; x_wconf 80' lang='lat' dir='ltr'>celari</span> <span class='ocrx_word' id='word_1_90' title='bbox 1747 1017 1833 1047; x_wconf 77' lang='lat' dir='ltr'>non</span> <span class='ocrx_word' id='word_1_91' title='bbox 1862 1007 2012 1060; x_wconf 76' lang='lat' dir='ltr'>potest.</span> 
     </span>
     <span class='ocr_line' id='line_1_11' title="bbox 303 1077 2014 1131; baseline -0.001 -13"><span class='ocrx_word' id='word_1_92' title='bbox 303 1091 380 1118; x_wconf 86' lang='lat' dir='ltr'>cur</span> <span class='ocrx_word' id='word_1_93' title='bbox 417 1091 506 1118; x_wconf 92' lang='lat' dir='ltr'>non</span> <span class='ocrx_word' id='word_1_94' title='bbox 542 1082 692 1131; x_wconf 85' lang='lat' dir='ltr'>potest</span> <span class='ocrx_word' id='word_1_95' title='bbox 730 1078 802 1118; x_wconf 92' lang='lat' dir='ltr'>diu</span> <span class='ocrx_word' id='word_1_96' title='bbox 841 1078 993 1118; x_wconf 81' lang='lat' dir='ltr'>celari?</span> <span class='ocrx_word' id='word_1_97' title='bbox 1073 1077 1257 1119; x_wconf 87' lang='lat' dir='ltr'>fortasse</span> <span class='ocrx_word' id='word_1_98' title='bbox 1294 1077 1524 1118; x_wconf 88' lang='lat' dir='ltr'>Terentius</span> <span class='ocrx_word' id='word_1_99' title='bbox 1563 1081 1608 1117; x_wconf 90' lang='lat' dir='ltr'>ut</span> <span class='ocrx_word' id='word_1_100' title='bbox 1651 1077 1824 1129; x_wconf 88' lang='lat' dir='ltr'>saepius</span> <span class='ocrx_word' id='word_1_101' title='bbox 1868 1077 2014 1117; x_wconf 85' lang='lat' dir='ltr'>omisit</span> 
     </span>
     <span class='ocr_line' id='line_1_12' title="bbox 302 1149 2014 1204; baseline 0.002 -15"><span class='ocrx_word' id='word_1_102' title='bbox 302 1150 420 1191; x_wconf 87' lang='lat' dir='ltr'>talia:</span> <span class='ocrx_word' id='word_1_103' title='bbox 453 1163 553 1191; x_wconf 77' lang='lat' dir='ltr'>nam</span> <span class='ocrx_word' id='word_1_104' title='bbox 583 1162 668 1192; x_wconf 79' lang='lat' dir='ltr'>non</span> <span class='ocrx_word' id='word_1_105' title='bbox 698 1149 887 1192; x_wconf 78' lang='lat' dir='ltr'>desinam</span> <span class='ocrx_word' id='word_1_106' title='bbox 918 1162 1117 1203; x_wconf 76' lang='lat' dir='ltr'>quaerere</span> <span class='ocrx_word' id='word_1_107' title='bbox 1147 1162 1240 1191; x_wconf 90' lang='lat' dir='ltr'>eam</span> <span class='ocrx_word' id='word_1_108' title='bbox 1264 1149 1392 1204; x_wconf 69' lang='lat' dir='ltr'>prius</span> <span class='ocrx_word' id='word_1_109' title='bbox 1412 1160 1542 1202; x_wconf 79' lang='lat' dir='ltr'>qaam</span> <span class='ocrx_word' id='word_1_110' title='bbox 1562 1149 1777 1190; x_wconf 77' lang='lat' dir='ltr'>invenero:</span> <span class='ocrx_word' id='word_1_111' title='bbox 1805 1151 1939 1192; x_wconf 82' lang='grc' dir='ltr'>πάντα</span> <span class='ocrx_word' id='word_1_112' title='bbox 1958 1151 2014 1192; x_wconf 85' lang='grc' dir='ltr'>τὰ</span> 
     </span>
     <span class='ocr_line' id='line_1_13' title="bbox 303 1218 1459 1282; baseline -0.001 -17"><span class='ocrx_word' id='word_1_113' title='bbox 303 1223 529 1280; x_wconf 85' lang='grc' dir='ltr'>ζητούμενα</span> <span class='ocrx_word' id='word_1_114' title='bbox 556 1218 561 1277; x_wconf 91' lang='grc' dir='ltr'>Ι</span> <span class='ocrx_word' id='word_1_115' title='bbox 589 1223 752 1266; x_wconf 62' lang='grc' dir='ltr'>δεῖσθαι</span> <span class='ocrx_word' id='word_1_116' title='bbox 785 1225 972 1281; x_wconf 83' lang='grc' dir='ltr'>μερίμνης</span> <span class='ocrx_word' id='word_1_117' title='bbox 1003 1224 1122 1282; x_wconf 88' lang='grc' dir='ltr'>φασὶν</span> <span class='ocrx_word' id='word_1_118' title='bbox 1154 1223 1192 1265; x_wconf 88' lang='grc' dir='ltr'>οἱ</span> <span class='ocrx_word' id='word_1_119' title='bbox 1223 1225 1459 1281; x_wconf 82' lang='grc' dir='ltr'>σοφώτεροι.</span> 
     </span>
    </p>

    <p class='ocr_par' dir='ltr' id='par_1_4' title="bbox 782 1308 1533 1443">
     <span class='ocr_line' id='line_1_14' title="bbox 969 1308 1345 1365; baseline -0.008 -12"><span class='ocrx_word' id='word_1_120' title='bbox 969 1311 1008 1353; x_wconf 87' lang='grc'>8.</span> <span class='ocrx_word' id='word_1_121' title='bbox 1043 1311 1113 1365; x_wconf 86' lang='lat'>(=</span> <span class='ocrx_word' id='word_1_122' title='bbox 1142 1310 1224 1352; x_wconf 89' lang='grc'>191</span> <span class='ocrx_word' id='word_1_123' title='bbox 1259 1308 1345 1365; x_wconf 88' lang='grc' dir='ltr'>Κ).</span> 
     </span>
     <span class='ocr_line' id='line_1_15' title="bbox 782 1385 1533 1443; baseline 0 -19"><span class='ocrx_word' id='word_1_124' title='bbox 782 1403 854 1423; x_wconf 69' lang='grc' dir='ltr'>ε-</span> <span class='ocrx_word' id='word_1_125' title='bbox 872 1402 989 1424; x_wconf 65' lang='grc' dir='ltr'>υ-ε</span> <span class='ocrx_word' id='word_1_126' title='bbox 1021 1387 1333 1442; x_wconf 85' lang='grc' dir='ltr'>συστομώτερος</span> <span class='ocrx_word' id='word_1_127' title='bbox 1364 1385 1533 1443; x_wconf 82' lang='grc' dir='ltr'><strong>σκάφης.</strong></span> 
     </span>
    </p>

    <p class='ocr_par' dir='ltr' id='par_1_5' title="bbox 302 1456 2014 1591">
     <span class='ocr_line' id='line_1_16' title="bbox 443 1456 2014 1518; baseline -0.001 -19"><span class='ocrx_word' id='word_1_128' title='bbox 443 1459 662 1500; x_wconf 88' lang='lat' dir='ltr'>Zenobius</span> <span class='ocrx_word' id='word_1_129' title='bbox 694 1460 736 1500; x_wconf 89' lang='lat' dir='ltr'>V</span> <span class='ocrx_word' id='word_1_130' title='bbox 774 1458 831 1501; x_wconf 86' lang='lat'>95</span> <span class='ocrx_word' id='word_1_131' title='bbox 893 1477 931 1504; x_wconf 89' lang='grc' dir='ltr'>σ.</span> <span class='ocrx_word' id='word_1_132' title='bbox 971 1456 1028 1504; x_wconf 47' lang='grc' dir='ltr'>σί·</span> <span class='ocrx_word' id='word_1_133' title='bbox 1065 1461 1258 1518; x_wconf 85' lang='grc' dir='ltr'>παροιμία</span> <span class='ocrx_word' id='word_1_134' title='bbox 1295 1461 1356 1503; x_wconf 77' lang='grc' dir='ltr'>ἐπὶ</span> <span class='ocrx_word' id='word_1_135' title='bbox 1385 1466 1468 1503; x_wconf 89' lang='grc' dir='ltr'>τῶν</span> <span class='ocrx_word' id='word_1_136' title='bbox 1497 1461 1574 1510; x_wconf 86' lang='grc' dir='ltr'>τὰς</span> <span class='ocrx_word' id='word_1_137' title='bbox 1612 1460 1773 1518; x_wconf 77' lang='grc' dir='ltr'>σκάφας</span> <span class='ocrx_word' id='word_1_138' title='bbox 1809 1460 2014 1518; x_wconf 79' lang='grc' dir='ltr'>φερόντων</span> 
     </span>
     <span class='ocr_line' id='line_1_17' title="bbox 302 1530 2013 1591; baseline -0.002 -16"><span class='ocrx_word' id='word_1_139' title='bbox 302 1534 511 1590; x_wconf 81' lang='grc' dir='ltr'>μετοίκων,</span> <span class='ocrx_word' id='word_1_140' title='bbox 566 1535 636 1576; x_wconf 73' lang='grc' dir='ltr'>διὰ</span> <span class='ocrx_word' id='word_1_141' title='bbox 666 1535 715 1576; x_wconf 82' lang='grc' dir='ltr'>τὸ</span> <span class='ocrx_word' id='word_1_142' title='bbox 749 1534 1088 1591; x_wconf 86' lang='grc' dir='ltr'>ἀπαρρησίαστον,</span> <span class='ocrx_word' id='word_1_143' title='bbox 1142 1530 1200 1583; x_wconf 82' lang='grc' dir='ltr'>οἷς</span> <span class='ocrx_word' id='word_1_144' title='bbox 1237 1532 1333 1575; x_wconf 77' lang='grc' dir='ltr'>οὐδὲ</span> <span class='ocrx_word' id='word_1_145' title='bbox 1362 1535 1494 1589; x_wconf 83' lang='grc' dir='ltr'>χανεῖν</span> <span class='ocrx_word' id='word_1_146' title='bbox 1525 1531 1672 1590; x_wconf 81' lang='grc' dir='ltr'>ἐφεῖτο.</span> <span class='ocrx_word' id='word_1_147' title='bbox 1734 1531 1936 1574; x_wconf 75' lang='grc' dir='ltr'>τάττεται</span> <span class='ocrx_word' id='word_1_148' title='bbox 1964 1530 2013 1573; x_wconf 77' lang='grc' dir='ltr'>δὲ</span> 
     </span>
    </p>
   </div>
   <div class='ocr_carea' id='block_1_3' title="bbox 302 1601 2013 1734">
    <p class='ocr_par' dir='ltr' id='par_1_6' title="bbox 302 1601 2013 1734">
     <span class='ocr_line' id='line_1_18' title="bbox 304 1601 2013 1662; baseline -0.001 -17"><span class='ocrx_word' id='word_1_149' title='bbox 304 1605 365 1646; x_wconf 79' lang='grc' dir='ltr'>ἐπὶ</span> <span class='ocrx_word' id='word_1_150' title='bbox 394 1610 475 1646; x_wconf 85' lang='grc' dir='ltr'>τῶν</span> <span class='ocrx_word' id='word_1_151' title='bbox 508 1606 561 1662; x_wconf 84' lang='grc' dir='ltr'>μὴ</span> <span class='ocrx_word' id='word_1_152' title='bbox 591 1606 823 1662; x_wconf 77' lang='grc' dir='ltr'>δυναμένων</span> <span class='ocrx_word' id='word_1_153' title='bbox 852 1605 1201 1662; x_wconf 67' lang='grc' dir='ltr'>παρρησιάζεσθαι</span> <span class='ocrx_word' id='word_1_154' title='bbox 1222 1634 1231 1643; x_wconf 89' lang='grc'><em>.</em></span> <span class='ocrx_word' id='word_1_155' title='bbox 1255 1635 1263 1643; x_wconf 95' lang='grc'><strong>.</strong></span> <span class='ocrx_word' id='word_1_156' title='bbox 1290 1634 1298 1642; x_wconf 95' lang='grc'><strong>.</strong></span> <span class='ocrx_word' id='word_1_157' title='bbox 1323 1606 1522 1662; x_wconf 79' lang='grc' dir='ltr'>μέμνηται</span> <span class='ocrx_word' id='word_1_158' title='bbox 1542 1602 1696 1657; x_wconf 85' lang='grc' dir='ltr'>ταύτης</span> <span class='ocrx_word' id='word_1_159' title='bbox 1716 1601 1951 1660; x_wconf 75' lang='grc' dir='ltr'>Μένανδρος</span> <span class='ocrx_word' id='word_1_160' title='bbox 1972 1601 2013 1644; x_wconf 79' lang='grc' dir='ltr'>ἐν</span> 
     </span>
     <span class='ocr_line' id='line_1_19' title="bbox 302 1671 1524 1734; baseline -0.002 -18"><span class='ocrx_word' id='word_1_161' title='bbox 302 1680 362 1728; x_wconf 82' lang='grc' dir='ltr'>τῷ</span> <span class='ocrx_word' id='word_1_162' title='bbox 394 1675 599 1734; x_wconf 81' lang='grc' dir='ltr'>Εὐνούχῳ.</span> <span class='ocrx_word' id='word_1_163' title='bbox 663 1674 782 1714; x_wconf 92' lang='lat' dir='ltr'>idem</span> <span class='ocrx_word' id='word_1_164' title='bbox 815 1673 904 1714; x_wconf 87' lang='lat' dir='ltr'>fere</span> <span class='ocrx_word' id='word_1_165' title='bbox 939 1671 1121 1714; x_wconf 89' lang='lat' dir='ltr'>exhibet</span> <span class='ocrx_word' id='word_1_166' title='bbox 1154 1673 1344 1726; x_wconf 86' lang='lat' dir='ltr'>Diogen.</span> <span class='ocrx_word' id='word_1_167' title='bbox 1378 1672 1419 1721; x_wconf 88' lang='lat'>8,</span> <span class='ocrx_word' id='word_1_168' title='bbox 1456 1671 1524 1714; x_wconf 84' lang='lat'>12.</span> 
     </span>
    </p>
   </div>
   <div class='ocr_carea' id='block_1_4' title="bbox 300 1743 2013 3067">
    <p class='ocr_par' dir='ltr' id='par_1_7' title="bbox 300 1743 2013 3067">
     <span class='ocr_line' id='line_1_20' title="bbox 448 1743 2011 1803; baseline 0.002 -19"><span class='ocrx_word' id='word_1_169' title='bbox 448 1743 624 1786; x_wconf 90' lang='lat' dir='ltr'>Photius</span> <span class='ocrx_word' id='word_1_170' title='bbox 663 1744 713 1800; x_wconf 92' lang='lat' dir='ltr'>(II</span> <span class='ocrx_word' id='word_1_171' title='bbox 741 1744 842 1800; x_wconf 92' lang='lat'>191)</span> <span class='ocrx_word' id='word_1_172' title='bbox 875 1762 913 1790; x_wconf 92' lang='grc' dir='ltr'>σ.</span> <span class='ocrx_word' id='word_1_173' title='bbox 937 1754 995 1790; x_wconf 85' lang='grc' dir='ltr'>σ.·</span> <span class='ocrx_word' id='word_1_174' title='bbox 1028 1748 1230 1789; x_wconf 85' lang='grc' dir='ltr'>τάττεται</span> <span class='ocrx_word' id='word_1_175' title='bbox 1261 1747 1321 1789; x_wconf 82' lang='grc' dir='ltr'>ἐπὶ</span> <span class='ocrx_word' id='word_1_176' title='bbox 1351 1752 1431 1788; x_wconf 88' lang='grc' dir='ltr'>τῶν</span> <span class='ocrx_word' id='word_1_177' title='bbox 1461 1747 1532 1788; x_wconf 77' lang='grc' dir='ltr'>διὰ</span> <span class='ocrx_word' id='word_1_178' title='bbox 1562 1746 1612 1788; x_wconf 87' lang='grc' dir='ltr'>τὸ</span> <span class='ocrx_word' id='word_1_179' title='bbox 1645 1744 1806 1803; x_wconf 79' lang='grc' dir='ltr'>ἀγεννὲς</span> <span class='ocrx_word' id='word_1_180' title='bbox 1835 1745 2011 1788; x_wconf 79' lang='grc' dir='ltr'>σιωπών-</span> 
     </span>
     <span class='ocr_line' id='line_1_21' title="bbox 302 1814 2011 1876; baseline 0 -17"><span class='ocrx_word' id='word_1_181' title='bbox 302 1834 383 1859; x_wconf 88' lang='grc' dir='ltr'>των</span> <span class='ocrx_word' id='word_1_182' title='bbox 417 1849 424 1856; x_wconf 93' lang='grc'><strong>.</strong></span> <span class='ocrx_word' id='word_1_183' title='bbox 459 1848 468 1857; x_wconf 88' lang='grc'><strong>.</strong></span> <span class='ocrx_word' id='word_1_184' title='bbox 502 1851 512 1861; x_wconf 92' lang='grc'><strong>.</strong></span> <span class='ocrx_word' id='word_1_185' title='bbox 559 1820 628 1861; x_wconf 81' lang='grc' dir='ltr'>καὶ</span> <span class='ocrx_word' id='word_1_186' title='bbox 675 1818 798 1861; x_wconf 86' lang='grc' dir='ltr'>ὅποτε</span> <span class='ocrx_word' id='word_1_187' title='bbox 838 1818 1058 1876; x_wconf 84' lang='grc' dir='ltr'>ἐβούλοντο</span> <span class='ocrx_word' id='word_1_188' title='bbox 1098 1821 1285 1876; x_wconf 80' lang='grc' dir='ltr'>μέτοικον</span> <span class='ocrx_word' id='word_1_189' title='bbox 1321 1818 1519 1871; x_wconf 71' lang='grc' dir='ltr'>δηλῶσαι,</span> <span class='ocrx_word' id='word_1_190' title='bbox 1567 1816 1593 1870; x_wconf 82' lang='grc' dir='ltr'>ἢ</span> <span class='ocrx_word' id='word_1_191' title='bbox 1632 1817 1768 1876; x_wconf 82' lang='grc' dir='ltr'>σκάφη</span> <span class='ocrx_word' id='word_1_192' title='bbox 1807 1814 1950 1874; x_wconf 77' lang='grc' dir='ltr'>ἔλεγον</span> <span class='ocrx_word' id='word_1_193' title='bbox 1985 1815 2011 1869; x_wconf 86' lang='grc' dir='ltr'>ἢ</span> 
     </span>
     <span class='ocr_line' id='line_1_22' title="bbox 302 1887 2013 1948; baseline -0.002 -17"><span class='ocrx_word' id='word_1_194' title='bbox 302 1890 583 1948; x_wconf 82' lang='grc' dir='ltr'>σκαφηφόρον·</span> <span class='ocrx_word' id='word_1_195' title='bbox 615 1891 687 1932; x_wconf 74' lang='grc' dir='ltr'>διὰ</span> <span class='ocrx_word' id='word_1_196' title='bbox 717 1891 766 1932; x_wconf 81' lang='grc' dir='ltr'>τὸ</span> <span class='ocrx_word' id='word_1_197' title='bbox 800 1889 1129 1948; x_wconf 86' lang='grc' dir='ltr'>ἀπαρρησίαστον</span> <span class='ocrx_word' id='word_1_198' title='bbox 1151 1887 1267 1932; x_wconf 82' lang='grc' dir='ltr'>εἶναι·</span> <span class='ocrx_word' id='word_1_199' title='bbox 1301 1890 1612 1946; x_wconf 87' lang='grc' dir='ltr'>συστομώτερον</span> <span class='ocrx_word' id='word_1_200' title='bbox 1638 1889 1814 1941; x_wconf 74' lang='grc' dir='ltr'>ποιήσειν</span> <span class='ocrx_word' id='word_1_201' title='bbox 1837 1887 2013 1930; x_wconf 73' lang='grc' dir='ltr'>ἀπειλεῖν</span> 
     </span>
     <span class='ocr_line' id='line_1_23' title="bbox 300 1956 1032 2018; baseline -0.003 -17"><span class='ocrx_word' id='word_1_202' title='bbox 300 1961 472 2018; x_wconf 83' lang='grc' dir='ltr'>σκάφης.</span> <span class='ocrx_word' id='word_1_203' title='bbox 544 1958 738 1998; x_wconf 85' lang='lat' dir='ltr'>similiter</span> <span class='ocrx_word' id='word_1_204' title='bbox 769 1956 1032 2011; x_wconf 81' lang='lat' dir='ltr'>Hesychius,</span> 
     </span>
     <span class='ocr_line' id='line_1_24' title="bbox 546 2028 1767 2084; baseline 0 -13"><span class='ocrx_word' id='word_1_205' title='bbox 546 2028 691 2071; x_wconf 71' lang='lat' dir='ltr'><em>Photii</em></span> <span class='ocrx_word' id='word_1_206' title='bbox 719 2030 857 2072; x_wconf 82' lang='lat' dir='ltr'>verbis</span> <span class='ocrx_word' id='word_1_207' title='bbox 885 2028 1101 2083; x_wconf 80' lang='lat' dir='ltr'>probabile</span> <span class='ocrx_word' id='word_1_208' title='bbox 1129 2029 1181 2084; x_wconf 77' lang='lat' dir='ltr'>fit</span> <span class='ocrx_word' id='word_1_209' title='bbox 1211 2028 1501 2072; x_wconf 75' lang='lat' dir='ltr'>Menandrum</span> <span class='ocrx_word' id='word_1_210' title='bbox 1530 2028 1767 2082; x_wconf 80' lang='lat' dir='ltr'>scripsisse:</span> 
     </span>
     <span class='ocr_line' id='line_1_25' title="bbox 707 2098 1606 2161; baseline -0.002 -15"><span class='ocrx_word' id='word_1_211' title='bbox 707 2098 826 2158; x_wconf 77' lang='grc' dir='ltr'>(καὶ)</span> <span class='ocrx_word' id='word_1_212' title='bbox 863 2103 1174 2161; x_wconf 84' lang='grc' dir='ltr'>συστομώτερόν</span> <span class='ocrx_word' id='word_1_213' title='bbox 1205 2104 1403 2157; x_wconf 84' lang='grc' dir='ltr'>σεποιήσω</span> <span class='ocrx_word' id='word_1_214' title='bbox 1435 2103 1606 2161; x_wconf 82' lang='grc' dir='ltr'>σκάφης,</span> 
     </span>
     <span class='ocr_line' id='line_1_26' title="bbox 304 2170 2011 2226; baseline -0.001 -15"><span class='ocrx_word' id='word_1_215' title='bbox 304 2171 443 2212; x_wconf 90' lang='lat' dir='ltr'>Kock.</span> <span class='ocrx_word' id='word_1_216' title='bbox 489 2173 631 2224; x_wconf 85' lang='lat' dir='ltr'>qualia</span> <span class='ocrx_word' id='word_1_217' title='bbox 647 2186 702 2213; x_wconf 89' lang='lat' dir='ltr'>ne</span> <span class='ocrx_word' id='word_1_218' title='bbox 722 2171 921 2213; x_wconf 84' lang='lat' dir='ltr'>refellere</span> <span class='ocrx_word' id='word_1_219' title='bbox 941 2172 1118 2225; x_wconf 89' lang='lat' dir='ltr'>quidem</span> <span class='ocrx_word' id='word_1_220' title='bbox 1137 2184 1299 2226; x_wconf 88' lang='lat' dir='ltr'>operae</span> <span class='ocrx_word' id='word_1_221' title='bbox 1318 2171 1503 2225; x_wconf 83' lang='lat' dir='ltr'>pretium</span> <span class='ocrx_word' id='word_1_222' title='bbox 1523 2170 1709 2225; x_wconf 88' lang='lat' dir='ltr'>putabis.</span> <span class='ocrx_word' id='word_1_223' title='bbox 1756 2183 1846 2212; x_wconf 92' lang='lat' dir='ltr'>non</span> <span class='ocrx_word' id='word_1_224' title='bbox 1870 2171 2011 2211; x_wconf 88' lang='lat' dir='ltr'>minus</span> 
     </span>
     <span class='ocr_line' id='line_1_27' title="bbox 304 2241 2009 2296; baseline 0.001 -15"><span class='ocrx_word' id='word_1_225' title='bbox 304 2242 531 2284; x_wconf 83' lang='lat' dir='ltr'>infeliciter</span> <span class='ocrx_word' id='word_1_226' title='bbox 569 2243 749 2284; x_wconf 86' lang='lat' dir='ltr'>Grauert</span> <span class='ocrx_word' id='word_1_227' title='bbox 791 2248 1018 2296; x_wconf 89' lang='lat' dir='ltr'>comparat</span> <span class='ocrx_word' id='word_1_228' title='bbox 1049 2243 1157 2285; x_wconf 89' lang='lat' dir='ltr'>Eun.</span> <span class='ocrx_word' id='word_1_229' title='bbox 1191 2256 1231 2283; x_wconf 90' lang='lat' dir='ltr'>v.</span> <span class='ocrx_word' id='word_1_230' title='bbox 1265 2242 1365 2292; x_wconf 80' lang='lat'><strong>597,</strong></span> <span class='ocrx_word' id='word_1_231' title='bbox 1411 2242 1484 2283; x_wconf 91' lang='lat' dir='ltr'>ubi</span> <span class='ocrx_word' id='word_1_232' title='bbox 1522 2241 1721 2296; x_wconf 86' lang='lat' dir='ltr'>Antipho</span> <span class='ocrx_word' id='word_1_233' title='bbox 1760 2241 1930 2296; x_wconf 89' lang='lat' dir='ltr'>aequali</span> <span class='ocrx_word' id='word_1_234' title='bbox 1966 2241 2009 2282; x_wconf 89' lang='lat' dir='ltr'>in</span> 
     </span>
     <span class='ocr_line' id='line_1_28' title="bbox 301 2312 1389 2368; baseline 0.002 -15"><span class='ocrx_word' id='word_1_235' title='bbox 301 2319 452 2366; x_wconf 87' lang='lat' dir='ltr'>stupro</span> <span class='ocrx_word' id='word_1_236' title='bbox 486 2315 700 2355; x_wconf 89' lang='lat' dir='ltr'>narrando</span> <span class='ocrx_word' id='word_1_237' title='bbox 733 2314 815 2356; x_wconf 88' lang='lat' dir='ltr'>sibi</span> <span class='ocrx_word' id='word_1_238' title='bbox 848 2315 1091 2368; x_wconf 88' lang='lat' dir='ltr'>indulgenti</span> <span class='ocrx_word' id='word_1_239' title='bbox 1124 2312 1234 2355; x_wconf 89' lang='lat' dir='ltr'>haec</span> <span class='ocrx_word' id='word_1_240' title='bbox 1267 2315 1389 2355; x_wconf 87' lang='lat' dir='ltr'>dicit:</span> 
     </span>
     <span class='ocr_line' id='line_1_29' title="bbox 407 2383 1899 2439; baseline -0.001 -12"><span class='ocrx_word' id='word_1_241' title='bbox 407 2388 496 2427; x_wconf 80' lang='lat' dir='ltr'>tum</span> <span class='ocrx_word' id='word_1_242' title='bbox 527 2386 716 2439; x_wconf 79' lang='lat' dir='ltr'>equidem</span> <span class='ocrx_word' id='word_1_243' title='bbox 747 2387 859 2428; x_wconf 74' lang='lat' dir='ltr'>istuc</span> <span class='ocrx_word' id='word_1_244' title='bbox 890 2385 936 2428; x_wconf 79' lang='lat' dir='ltr'>‹5s</span> <span class='ocrx_word' id='word_1_245' title='bbox 966 2389 1085 2428; x_wconf 78' lang='lat' dir='ltr'>tuum</span> <span class='ocrx_word' id='word_1_246' title='bbox 1115 2384 1339 2439; x_wconf 78' lang='lat' dir='ltr'>impudens</span> <span class='ocrx_word' id='word_1_247' title='bbox 1368 2385 1506 2428; x_wconf 81' lang='lat' dir='ltr'>videre</span> <span class='ocrx_word' id='word_1_248' title='bbox 1536 2385 1715 2428; x_wconf 78' lang='lat' dir='ltr'>nimium</span> <span class='ocrx_word' id='word_1_249' title='bbox 1745 2383 1899 2427; x_wconf 75' lang='lat' dir='ltr'>vellem.</span> 
     </span>
     <span class='ocr_line' id='line_1_30' title="bbox 303 2455 2009 2510; baseline 0.001 -15"><span class='ocrx_word' id='word_1_250' title='bbox 303 2457 343 2495; x_wconf 92' lang='lat' dir='ltr'>in</span> <span class='ocrx_word' id='word_1_251' title='bbox 391 2470 477 2509; x_wconf 89' lang='lat' dir='ltr'>quo</span> <span class='ocrx_word' id='word_1_252' title='bbox 526 2471 565 2499; x_wconf 87' lang='grc' dir='ltr'>ν.</span> <span class='ocrx_word' id='word_1_253' title='bbox 614 2458 717 2510; x_wconf 89' lang='lat' dir='ltr'>quid</span> <span class='ocrx_word' id='word_1_254' title='bbox 764 2458 863 2499; x_wconf 89' lang='lat' dir='ltr'>insit</span> <span class='ocrx_word' id='word_1_255' title='bbox 909 2458 1051 2498; x_wconf 89' lang='lat' dir='ltr'>simile</span> <span class='ocrx_word' id='word_1_256' title='bbox 1099 2469 1198 2498; x_wconf 91' lang='lat' dir='ltr'>cum</span> <span class='ocrx_word' id='word_1_257' title='bbox 1246 2456 1482 2510; x_wconf 87' lang='lat' dir='ltr'>proverbio</span> <span class='ocrx_word' id='word_1_258' title='bbox 1521 2455 1692 2498; x_wconf 89' lang='lat' dir='ltr'>Graeco</span> <span class='ocrx_word' id='word_1_259' title='bbox 1740 2455 1904 2497; x_wconf 84' lang='lat' dir='ltr'>nescio.</span> <span class='ocrx_word' id='word_1_260' title='bbox 1950 2478 2009 2486; x_wconf 94' lang='lat'>—-</span> 
     </span>
     <span class='ocr_line' id='line_1_31' title="bbox 302 2525 2010 2589; baseline 0.001 -23"><span class='ocrx_word' id='word_1_261' title='bbox 302 2528 506 2579; x_wconf 88' lang='lat' dir='ltr'>equidem</span> <span class='ocrx_word' id='word_1_262' title='bbox 546 2542 799 2580; x_wconf 84' lang='lat' dir='ltr'>persuasum</span> <span class='ocrx_word' id='word_1_263' title='bbox 839 2527 984 2570; x_wconf 91' lang='lat' dir='ltr'>habeo</span> <span class='ocrx_word' id='word_1_264' title='bbox 1024 2529 1130 2569; x_wconf 89' lang='lat' dir='ltr'>illud</span> <span class='ocrx_word' id='word_1_265' title='bbox 1169 2533 1482 2589; x_wconf 79' lang='grc' dir='ltr'>συστομώτερος</span> <span class='ocrx_word' id='word_1_266' title='bbox 1517 2531 1676 2589; x_wconf 71' lang='grc' dir='ltr'>σκάφης</span> <span class='ocrx_word' id='word_1_267' title='bbox 1711 2528 1756 2568; x_wconf 91' lang='lat' dir='ltr'>in</span> <span class='ocrx_word' id='word_1_268' title='bbox 1787 2525 2010 2569; x_wconf 85' lang='lat' dir='ltr'>Chaereae</span> 
     </span>
     <span class='ocr_line' id='line_1_32' title="bbox 302 2597 2010 2642; baseline 0.002 -5"><span class='ocrx_word' id='word_1_269' title='bbox 302 2599 541 2639; x_wconf 84' lang='lat' dir='ltr'>occurrisse</span> <span class='ocrx_word' id='word_1_270' title='bbox 582 2602 838 2641; x_wconf 87' lang='lat' dir='ltr'>narratione.</span> <span class='ocrx_word' id='word_1_271' title='bbox 903 2613 1004 2641; x_wconf 89' lang='lat' dir='ltr'>nam</span> <span class='ocrx_word' id='word_1_272' title='bbox 1041 2605 1162 2641; x_wconf 86' lang='lat' dir='ltr'>certo</span> <span class='ocrx_word' id='word_1_273' title='bbox 1196 2598 1283 2640; x_wconf 90' lang='lat' dir='ltr'>hoc</span> <span class='ocrx_word' id='word_1_274' title='bbox 1315 2599 1479 2640; x_wconf 90' lang='lat' dir='ltr'>dictum</span> <span class='ocrx_word' id='word_1_275' title='bbox 1513 2604 1579 2641; x_wconf 89' lang='lat' dir='ltr'>est</span> <span class='ocrx_word' id='word_1_276' title='bbox 1611 2599 1667 2640; x_wconf 92' lang='lat' dir='ltr'>de</span> <span class='ocrx_word' id='word_1_277' title='bbox 1699 2597 1886 2642; x_wconf 63' lang='lat' dir='ltr'>eunucho</span> <span class='ocrx_word' id='word_1_278' title='bbox 1914 2597 2010 2641; x_wconf 78' lang='lat' dir='ltr'>sub·</span> 
     </span>
     <span class='ocr_line' id='line_1_33' title="bbox 300 2668 2008 2732; baseline 0.001 -23"><span class='ocrx_word' id='word_1_279' title='bbox 300 2668 441 2718; x_wconf 60' lang='lat' dir='ltr'>diuvo,</span> <span class='ocrx_word' id='word_1_280' title='bbox 491 2671 573 2722; x_wconf 87' lang='lat' dir='ltr'>qui,</span> <span class='ocrx_word' id='word_1_281' title='bbox 624 2685 678 2711; x_wconf 92' lang='lat' dir='ltr'>ne</span> <span class='ocrx_word' id='word_1_282' title='bbox 723 2686 813 2712; x_wconf 84' lang='lat' dir='ltr'>vox</span> <span class='ocrx_word' id='word_1_283' title='bbox 856 2684 904 2712; x_wconf 90' lang='lat' dir='ltr'>se</span> <span class='ocrx_word' id='word_1_284' title='bbox 947 2675 1170 2725; x_wconf 81' lang='lat' dir='ltr'>coarguat,</span> <span class='ocrx_word' id='word_1_285' title='bbox 1219 2676 1290 2712; x_wconf 85' lang='lat' dir='ltr'>aut</span> <span class='ocrx_word' id='word_1_286' title='bbox 1333 2675 1377 2712; x_wconf 91' lang='lat' dir='ltr'>ut</span> <span class='ocrx_word' id='word_1_287' title='bbox 1420 2674 1585 2732; x_wconf 77' lang='grc' dir='ltr'>μίμησις</span> <span class='ocrx_word' id='word_1_288' title='bbox 1619 2670 1674 2712; x_wconf 93' lang='lat' dir='ltr'>sit</span> <span class='ocrx_word' id='word_1_289' title='bbox 1710 2668 1918 2724; x_wconf 82' lang='lat' dir='ltr'>perfecta,</span> <span class='ocrx_word' id='word_1_290' title='bbox 1966 2669 2008 2710; x_wconf 90' lang='lat' dir='ltr'>in</span> 
     </span>
     <span class='ocr_line' id='line_1_34' title="bbox 303 2738 2008 2796; baseline 0.003 -18"><span class='ocrx_word' id='word_1_291' title='bbox 303 2738 478 2781; x_wconf 85' lang='lat' dir='ltr'>Thaidis</span> <span class='ocrx_word' id='word_1_292' title='bbox 518 2742 652 2782; x_wconf 82' lang='lat' dir='ltr'>domo</span> <span class='ocrx_word' id='word_1_293' title='bbox 693 2756 746 2783; x_wconf 89' lang='lat' dir='ltr'>ne</span> <span class='ocrx_word' id='word_1_294' title='bbox 790 2756 861 2783; x_wconf 87' lang='lat' dir='ltr'>mu</span> <span class='ocrx_word' id='word_1_295' title='bbox 900 2743 1078 2796; x_wconf 88' lang='lat' dir='ltr'>quidem</span> <span class='ocrx_word' id='word_1_296' title='bbox 1118 2742 1234 2785; x_wconf 90' lang='lat' dir='ltr'>dicit.</span> <span class='ocrx_word' id='word_1_297' title='bbox 1314 2742 1370 2783; x_wconf 88' lang='lat' dir='ltr'>de</span> <span class='ocrx_word' id='word_1_298' title='bbox 1408 2755 1496 2795; x_wconf 92' lang='lat' dir='ltr'>quo</span> <span class='ocrx_word' id='word_1_299' title='bbox 1534 2742 1629 2796; x_wconf 88' lang='lat' dir='ltr'>ipse</span> <span class='ocrx_word' id='word_1_300' title='bbox 1667 2740 1798 2783; x_wconf 84' lang='lat' dir='ltr'>refert</span> <span class='ocrx_word' id='word_1_301' title='bbox 1827 2754 1867 2782; x_wconf 79' lang='grc' dir='ltr'>ν.</span> <span class='ocrx_word' id='word_1_302' title='bbox 1900 2738 2008 2783; x_wconf 80' lang='lat'>578:</span> 
     </span>
     <span class='ocr_line' id='line_1_35' title="bbox 434 2809 2009 2868; baseline 0 -15"><span class='ocrx_word' id='word_1_303' title='bbox 434 2812 558 2853; x_wconf 67' lang='lat' dir='ltr'>edicit</span> <span class='ocrx_word' id='word_1_304' title='bbox 581 2811 756 2867; x_wconf 83' lang='lat' dir='ltr'>(Thais),</span> <span class='ocrx_word' id='word_1_305' title='bbox 789 2813 841 2855; x_wconf 81' lang='lat' dir='ltr'>ne‘</span> <span class='ocrx_word' id='word_1_306' title='bbox 861 2813 927 2855; x_wconf 80' lang='lat' dir='ltr'>vir</span> <span class='ocrx_word' id='word_1_307' title='bbox 947 2814 1170 2868; x_wconf 77' lang='lat' dir='ltr'>quisquam</span> <span class='ocrx_word' id='word_1_308' title='bbox 1190 2811 1248 2855; x_wconf 85' lang='lat' dir='ltr'>ad</span> <span class='ocrx_word' id='word_1_309' title='bbox 1276 2826 1369 2855; x_wconf 87' lang='lat' dir='ltr'>eam</span> <span class='ocrx_word' id='word_1_310' title='bbox 1390 2812 1515 2856; x_wconf 79' lang='lat' dir='ltr'>adeat</span> <span class='ocrx_word' id='word_1_311' title='bbox 1534 2815 1574 2856; x_wconf 77' lang='lat' dir='ltr'>et</span> <span class='ocrx_word' id='word_1_312' title='bbox 1592 2811 1700 2855; x_wconf 75' lang='lat' dir='ltr'>mihi</span> <span class='ocrx_word' id='word_1_313' title='bbox 1718 2825 1771 2855; x_wconf 79' lang='lat' dir='ltr'>ne</span> <span class='ocrx_word' id='word_1_314' title='bbox 1789 2809 2009 2854; x_wconf 76' lang='lat' dir='ltr'>abscedam</span> 
     </span>
     <span class='ocr_line' id='line_1_36' title="bbox 1663 2882 1864 2936; baseline -0.015 -11"><span class='ocrx_word' id='word_1_315' title='bbox 1663 2882 1864 2936; x_wconf 74' lang='lat' dir='ltr'>imperat:</span> 
     </span>
     <span class='ocr_line' id='line_1_37' title="bbox 435 2952 1747 3006; baseline 0.001 -13"><span class='ocrx_word' id='word_1_316' title='bbox 435 2954 475 2994; x_wconf 74' lang='lat' dir='ltr'>in</span> <span class='ocrx_word' id='word_1_317' title='bbox 510 2954 703 2995; x_wconf 46' lang='lat' dir='ltr'>*interiore</span> <span class='ocrx_word' id='word_1_318' title='bbox 731 2959 851 3006; x_wconf 81' lang='lat' dir='ltr'>parte</span> <span class='ocrx_word' id='word_1_319' title='bbox 882 2958 928 2996; x_wconf 79' lang='lat' dir='ltr'>ut</span> <span class='ocrx_word' id='word_1_320' title='bbox 960 2969 1150 2997; x_wconf 78' lang='lat' dir='ltr'>maneam</span> <span class='ocrx_word' id='word_1_321' title='bbox 1183 2954 1297 2997; x_wconf 77' lang='lat' dir='ltr'>solas</span> <span class='ocrx_word' id='word_1_322' title='bbox 1327 2967 1421 2997; x_wconf 79' lang='lat' dir='ltr'>cum</span> <span class='ocrx_word' id='word_1_323' title='bbox 1451 2952 1553 2997; x_wconf 87' lang='lat' dir='ltr'>sola.</span> <span class='ocrx_word' id='word_1_324' title='bbox 1584 2952 1747 2996; x_wconf 77' lang='lat' dir='ltr'>adnuo</span> 
     </span>
     <span class='ocr_line' id='line_1_38' title="bbox 435 3025 1107 3067; baseline 0.006 -4"><span class='ocrx_word' id='word_1_325' title='bbox 435 3026 616 3065; x_wconf 80' lang='lat' dir='ltr'>terram</span> <span class='ocrx_word' id='word_1_326' title='bbox 648 3026 855 3066; x_wconf 63' lang='lat' dir='ltr'>intuens</span> <span class='ocrx_word' id='word_1_327' title='bbox 885 3025 1107 3067; x_wconf 76' lang='lat' dir='ltr'>modeste.</span> 
     </span>
    </p>
   </div>
  </div>
 </body>
</html>
