2112 3496
1052 322 1347 365 -62-

344 447 529 496 peratus‚
579 443 698 495 quod
746 443 874 482 etiam
913 440 1230 496 Ctesiphonem
1277 443 1379 483 item
1428 447 1473 483 ut
1514 441 1787 484 Aeschinum
1834 444 2083 498 eorrumpi*

343 514 516 563 sineret,
551 512 660 554 haec
693 514 881 567 opponit
911 513 996 569 (vv.
1031 512 1131 556 803.
1165 513 1228 568 4):

461 599 545 628 non
576 598 753 637 aequum
785 584 904 627 diois.
968 584 1068 640 De]
1101 582 1218 628 non?
1250 583 1341 641 Mi.]
1374 599 1474 628 nam
1506 588 1622 628 vetus
1651 585 1820 629 verbum
1850 585 1926 630 hoc

1624 656 1845 710 quidemst,

461 729 742 770 communia
774 740 877 770 esse
908 728 1184 771 amicorum
1215 729 1349 770 inter
1378 742 1428 770 se
1457 729 1637 770 omnia.

343 799 418 847 sic,
460 804 502 839 ut
540 799 657 852 apud
688 799 998 852 grammaticos
1030 799 1220 848 traditur,
1254 799 1534 853 proverbium
1566 812 1804 853 numquam
1835 800 1879 841 in
1910 799 2056 842 fabula

344 870 611 911 Menandrea
636 875 784 923 potest
807 871 1025 911 exstitisse
1040 872 1080 925 ι).
1135 871 1239 912 licet
1259 884 1546 912 commonere
1570 871 1627 911 de
1650 871 1783 912 Plaut.
1807 870 1922 913 Trin.
1938 885 1978 914 v.
1996 872 2054 915 54

627 941 821 984 omnibus
850 942 1003 984 amicis
1034 941 1144 995 quod
1174 942 1319 985 mihist
1349 943 1472 996 cupio
1505 955 1592 985 esse
1622 943 1747 986 idem.
1781 928 1791 940 ”

1011 1059 1098 1115 [12.
1131 1058 1201 1116 (=-
1225 1061 1252 1102 8
1285 1059 1387 1117 K.).]

729 1140 839 1184 ὀκτώ
872 1155 933 1191 τις
964 1142 1122 1198 ὑποχεῖν
1153 1139 1305 1198 ἀνεβόα
1334 1142 1404 1184 καὶ
1434 1142 1599 1184 δώδεκα

728 1212 924 1265 κυάθους,
959 1211 1034 1262 ἕως
1063 1215 1276 1255 κατέσεισε
1307 1212 1645 1270 φιλοτιμούμενος

733 1278 905 1335 <ἑαυτὸν
937 1281 986 1325 ἄν
1015 1280 1118 1337 τις).

487 1375 712 1411 servantur
743 1371 861 1424 apud
892 1368 1172 1412 Athenaeum
1205 1383 1281 1424 pg.
1315 1370 1400 1413 431
1421 1370 1463 1412 b.
1497 1375 1724 1416 κατασείειν
1753 1374 1803 1416 δὲ
1832 1371 1975 1431 ἔλεγον
1995 1373 2056 1416 ἐπὶ

342 1450 423 1486 τῶν
463 1444 503 1486 ἐν
540 1448 627 1495 τοῖς
662 1446 802 1495 πότοις
838 1445 1117 1501 προπινόντων,
1156 1445 1230 1498 τὴν
1269 1445 1502 1502 μεταφορὰν
1544 1444 1824 1503 λαμβάνοντες
1859 1443 1938 1488 ἀπὸ
1974 1450 2057 1487 τῶν

342 1519 438 1567 τοὺς
457 1518 635 1574 καρποὺς
655 1516 966 1558 κατασειόντων.
1018 1515 1250 1573 Μένανδρος
1269 1509 1507 1573 Ἀδελφοῖς·
1530 1517 1622 1558 κτλ.
1671 1513 1790 1554 idem
1810 1525 1885 1567 pg.
1906 1512 1992 1556 481
2011 1513 2053 1554 d.

344 1587 538 1645 Φιλήμων
570 1587 784 1644 Φάσματι·
1134 1584 1238 1628 ἔπιεν
1267 1587 1292 1639 ἡ
1323 1580 1450 1639 Ῥόδη

656 1657 826 1716 κυμβίον
858 1658 1039 1716 ἀκράτου
1072 1659 1119 1706 :1ss
1149 1654 1408 1715 κατασέσειχ’
1442 1659 1545 1716 ὑμᾶς
1576 1659 1727 1709 καλῶς.

343 1726 520 1768 Photius
552 1728 569 1767 I
601 1726 687 1770 327
707 1727 757 1768 Ν.
790 1732 994 1772 κατέσειε’
1025 1729 1212 1787 λέγουσιν
1242 1729 1304 1772 ἐπὶ
1331 1734 1411 1771 τῶν
1443 1729 1484 1771 ἐν
1505 1733 1590 1780 τοῖς
1608 1731 1748 1780 πότοις
1767 1729 2053 1787 προπινόντων·

342 1803 365 1854 ὴ
397 1803 445 1844 δὲ
476 1803 690 1860 μεταφορὰ
721 1801 800 1844 ἀπὸ
831 1803 924 1844 κτλ.

485 1875 643 1931 ὑποχεῖν
675 1876 741 1911 est
770 1871 930 1924 raptim
960 1874 1118 1923 potare,
1149 1869 1530 1923 hinunterstizrzen,
1562 1874 1793 1916 κατασείειν
1822 1873 1947 1913 antor
1974 1869 2056 1912 den

347 1941 472 1984 Tisch
518 1941 744 1994 trinkeffl).
813 1941 948 1983 verba
995 1942 1148 1983 tradita
1194 1942 1341 1982 omnia
1388 1946 1506 1983 recte
1543 1955 1592 1983 se
1630 1940 1808 1991 habent,
1846 1941 1929 1983 sed
1964 1954 2056 1982 non

345 2026 479 2066 usque
520 2014 575 2054 ad
614 2012 746 2055 finem
787 2014 1004 2055 sententia
1036 2019 1103 2054 est
1134 2019 1362 2066 excerpta;
1396 2014 1517 2066 quod
1549 2012 1790 2067 apparebit,
1823 2011 1898 2054 ubi
1928 2024 2055 2054 accu-

344 2086 472 2125 ratius
520 2098 615 2126 eam
657 2086 902 2139 aspexeris:
953 2087 1107 2146 ἀνεβόα
1142 2103 1204 2138 τις
1240 2085 1297 2140 (ν.
1334 2082 1374 2140 1)
1413 2089 1569 2145 ὑποχεῖν
1607 2084 1731 2139 (τινα)
1769 2085 1878 2130 ὀκτὼ
1915 2086 1985 2129 καὶ
2012 2086 2054 2129 δ.

343 2158 536 2210 κυάθους,
578 2158 654 2209 ἕως
695 2159 744 2201 ἂν
780 2159 1116 2218 φιλοτιμούμενος
1146 2160 1379 2201 κατέσεισεν
1409 2157 1556 2201 ἑαυτόν
1589 2157 1659 2211 (=
1673 2155 1854 2210 jemand
1883 2154 1982 2210 ries,
2013 2167 2057 2198 es

343 2227 484 2270 wito-de
514 2227 620 2270 wohl
650 2228 766 2270 einer
797 2234 939 2272 8—12
972 2227 1128 2270 Pokale
1158 2227 1526 2270 hinunterstiirzen
1556 2230 1738 2280 mia'ssen,
1769 2226 1836 2270 bis
1853 2225 1943 2282 dass
1966 2225 2058 2280 (dio
2110 2273 2112 2283 ἰ

348 2298 553 2342 Tatsache
589 2299 776 2343 denkbar
812 2302 936 2351 ware,
974 2299 1083 2354 dass)
1121 2313 1167 2342 er
1205 2299 1282 2341 ilm
1317 2298 1441 2341 selbst
1470 2302 1594 2341 anter
1623 2299 1704 2341 den
1741 2297 1868 2341 Tisch
1898 2296 2055 2353 trank).
2110 2355 2112 2357 ι

344 2368 481 2422 figura
519 2376 584 2412 est
622 2371 896 2412 indicativi
934 2371 1244 2425 potentialis
1285 2371 1576 2424 praeteriti,
1610 2371 1654 2411 in
1684 2382 1770 2423 qua
1800 2369 2056 2411 indicativus
2110 2384 2112 2406 ;

345 2442 488 2482 aoristi
521 2456 620 2483 cum
653 2443 863 2495 particula
895 2443 943 2487 ἄν
975 2442 1230 2483 coniunctus
1263 2442 1549 2495 potentialem
1579 2442 1666 2482 vim
1698 2438 1844 2490 habet,
1878 2440 1935 2481 de
1967 2452 2055 2494 quo
2104 2430 2112 2500 Ξ

345 2525 421 2551 usu
456 2515 663 2567 exempla
695 2514 819 2555 affert
852 2512 1033 2555 Kiihner
1066 2514 1099 2554 II
1139 2516 1174 2562 l,
1208 2513 1307 2555 212.
1372 2513 1641 2555 accusativus
1671 2529 1763 2557 τινα
1794 2524 1820 2553 e
1841 2512 2057 2553 sententia
2104 2510 2112 2559 Ξ

345 2585 495 2643 ἀνεβόα
533 2602 594 2637 τις
632 2590 788 2646 ὑποχεῖν
824 2603 915 2630 τινα
953 2590 1145 2626 remotus
1185 2589 1251 2626 est
1287 2586 1328 2625 in
1362 2585 1622 2626 sententiam
1655 2583 1870 2625 adiectam
1901 2583 1979 2636 ἕως
2007 2583 2057 2626 ἂν
2101 2639 2105 2643 .

343 2655 489 2699 ἑαυτὸν
519 2661 744 2709 κατέσεισε,
778 2661 962 2697 mutatus
994 2657 1162 2697 scilicet
1193 2657 1234 2696 in
1268 2656 1579 2696 nominativum
1610 2673 1684 2708 τις.

486 2727 665 2767 Grauert
698 2727 784 2769 hoe
817 2727 969 2781 fragm.
1005 2728 1060 2768 ad
1096 2727 1293 2768 Demeae
1326 2727 1614 2768 narrationem
1647 2726 1704 2767 de
1737 2730 1859 2780 rapta
1879 2724 2056 2779 psaltda

347 2798 518 2845 rettulit,
570 2800 690 2851 quod
737 2812 823 2853 quo
872 2800 962 2840 iure
1011 2798 1173 2848 fecerit,
1217 2812 1349 2841 nemo
1387 2803 1535 2852 potest
1578 2798 1848 2851 intellegere.
1917 2796 2055 2837 immo

490 2898 514 2933 ¹)
541 2898 635 2941 λόγος
661 2898 800 2940 παλαιός
826 2895 914 2935 ἐστι·
941 2901 1037 2958 ›to-w&
1065 2899 1081 2942 ΙΙ
1109 2901 1151 2934 τὰ
1177 2902 1243 2934 τῶν
1269 2897 1392 2942 φὶκωνῑ
1418 2898 1543 2941 Jacobs
1569 2902 1603 2930 et
1628 2897 1792 2930 Meineke.

491 2961 663 2996 '²›Latine
690 2971 739 2996 cst
766 2962 953 3008 deponere,
980 2965 1022 2997 cf.
1050 2965 1099 2998 Pl.
1124 2965 1199 2997 Au!
1193 2945 1311 2999 -57ὸῑ

779 3027 815 3056 ut
842 3034 895 3058 me
919 3022 1075 3067 deponat
1099 3022 1194 3064 vino,
1219 3033 1294 3058 eam
1321 3021 1481 3063 adfectat
1504 3021 1609 3057 tiam.
