2112 3496
999 340 1293 382 -72-

296 462 432 502 multo
472 466 569 501 ante
609 474 737 513 quam
776 458 960 500 Bacchis
1001 460 1043 499 in
1084 459 1327 500 Chremetis
1367 460 1546 500 domum
1587 460 1824 511 adducitur,
1865 460 2001 515 Syrus

295 534 400 574 dicit
430 531 541 572 haec
573 530 627 586 (v.
661 531 782 585 248):
1847 542 1849 544 ·

703 606 740 644 et
758 602 1018 655 ¹vesperascit
1049 606 1087 645 et
1117 615 1200 644 non
1232 606 1434 645 noverunt
1464 602 1590 644 viam.

293 690 333 716 v.
367 674 466 717 410.
499 680 656 724 autem,
690 687 787 714 cum
822 672 1032 715 Chremes
1063 675 1207 714 vicino
1232 675 1379 714 omnia
1401 679 1468 714 est
1488 679 1741 725 narraturus,
1765 676 1849 716 iam
1873 689 2003 717 mane

297 747 563 799 insequentis
596 746 682 786 diei
715 746 870 786 dicitur
903 745 1086 792 (luciscit
1115 745 1191 788 hoc
1222 746 1338 792 iam).
1380 744 1491 786 haec
1518 757 1640 795 cena,
1670 758 1780 799 quae
1802 747 1884 788 sub
1905 759 2002 788 ves-

297 831 449 870 perum
490 822 567 867 est,
614 821 772 862 δεῖπνον
817 817 1055 857 vocabatur
1099 815 1462 872 Atheniensibus;
1516 818 1659 858 statim
1710 818 2004 871 sequebantur

296 892 509 949 συμπόσια,
544 889 700 942 quibus
733 902 868 942 saepe
900 889 1134 930 intererant
1165 889 1438 929 meretrices:
1472 888 1525 930 cf.
1551 902 1660 941 quae
1683 901 1817 930 cocus
1839 890 2005 943 quaerit

297 961 412 1003 Sam.
448 960 501 1002 72
520 974 638 1014 sqq.:

651 1035 684 1076 εἰ
715 1035 981 1092 πυνθάνομαι,
1013 1035 1143 1084 πόσας
1173 1035 1375 1091 τραπέζας
1406 1034 1579 1092 μέλλετε

651 1110 773 1159 ποεῖν,
805 1107 928 1155 πόσαι
958 1108 1145 1163 γυναῖκές
1176 1105 1262 1153 εἰσι,
1294 1106 1441 1159 πηνίκα

652 1177 767 1220 ἔσται
798 1178 847 1220 τὸ
877 1179 1034 1220 δεῖπνον
1064 1179 1155 1220 κτλ.

299 1249 340 1287 in
372 1247 845 1288 Hautontimorumeno
879 1251 1021 1288 autem
1058 1246 1188 1287 fuisse
1221 1250 1438 1306 συμπόσιον
1471 1251 1514 1287 et
1545 1247 1706 1287 scimus
1739 1259 1764 1287 e
1794 1245 2004 1287 Terentio

299 1325 342 1359 et
373 1319 476 1360 licet
507 1319 774 1360 concludere
809 1331 866 1358 ex
900 1319 962 1358 eis
994 1331 1104 1371 quae
1145 1323 1440 1371 apponuntur:
1490 1312 1730 1378 ἀμυγδάλαι
1758 1321 1829 1362 καὶ
1859 1320 2003 1378 ῥοίδια.

298 1390 399 1430 talia
431 1391 545 1430 enim
581 1395 624 1431 et
654 1395 827 1444 praeter
865 1388 976 1431 haec
1014 1390 1180 1431 ciceres
1218 1390 1272 1430 ad
1310 1390 1454 1429 vinum
1494 1388 1696 1430 solebant
1741 1389 2005 1430 manducare

298 1467 488 1510 veteres;
522 1461 578 1507 cf,
610 1460 897 1515 Xenophanis
930 1462 973 1502 in
1005 1459 1111 1502 sillis
1143 1461 1212 1514 (=
1236 1460 1263 1503 9
1295 1461 1338 1501 H
1363 1480 1408 1494 =
1434 1460 1487 1502 17
1521 1460 1598 1516 B):

1236 1533 1410 1592 ἔμπλεον
1441 1532 1540 1576 ὄντα

579 1609 744 1650 πίνοντα
774 1608 927 1664 γλυκὺν
959 1605 1074 1654 οἶνον,
1108 1600 1379 1664 ὑποτρώγοντ’
1413 1605 1652 1663 ἐρεβίνθους.

300 1675 388 1717 hoc
419 1677 545 1729 igitur
576 1682 741 1718 certum
775 1682 853 1726 est,
878 1673 968 1737 μετ’
992 1677 1159 1735 ἄριστον
1181 1676 1355 1716 retineri
1377 1688 1463 1715 non
1489 1687 1644 1728 posse3
1666 1675 1748 1716 sed
1774 1674 1811 1716 si
1831 1673 2005 1715 scribis:

301 1752 406 1808 μετὰ
435 1752 591 1793 δεῖπνον
620 1764 650 1788 -’
680 1751 775 1807 γάρ,
808 1753 860 1801 ὡς
890 1750 1137 1808 ἀμυγδάλας
1167 1749 1260 1807 ἐγώ,
1308 1759 1394 1787 una
1439 1745 1610 1800 syllaba
1657 1746 1796 1788 deest.
1857 1757 2008 1799 quam-

300 1832 442 1871 quam,
476 1820 519 1859 ni
552 1819 690 1870 fallor,
721 1823 878 1864 δεῖπνον
910 1824 1084 1872 poterat
1116 1818 1326 1872 appellari
1365 1818 1493 1858 etiarn
1532 1820 1714 1867 δείλινον,
1753 1817 1875 1871 quod
1910 1829 2007 1858 ver-

299 1890 404 1930 bum
444 1896 636 1932 servatur
676 1890 847 1932 Coniaz.
889 1891 913 1932 7
954 1890 1102 1932 Kerte.
1172 1888 1273 1939 hoc,
1313 1889 1432 1942 quod
1472 1895 1515 1930 et
1551 1889 1741 1930 numeris
1780 1893 1825 1930 et
1859 1887 2007 1930 sensui

300 1961 469 2011 sufficit,
504 1963 633 2004 velim
667 1963 1000 2004 commendare:

657 2039 762 2094 μετὰ
791 2037 961 2079 δείλινον
991 2037 1084 2094 γάρ,
1119 2038 1173 2087 ὡς
1203 2036 1448 2092 ἀμυγδάλας
1480 2035 1560 2092 ἐγώ

658 2108 872 2167 παρέθηκα
903 2109 973 2150 καὶ
1003 2113 1084 2150 τῶν
1115 2108 1270 2165 ῥοιδίων
1303 2107 1532 2165 ἐτρώγομεν
1565 2136 1575 2146 .
1610 2137 1619 2147 .
1655 2136 1664 2144 .

968 2201 1007 2244 7.
1042 2202 1112 2255 (=
1140 2199 1222 2242 148
1255 2199 1344 2251 K.).

870 2269 966 2317 ἀλλ’
997 2275 1044 2328 ἢν
1075 2276 1198 2333 χιτών
1229 2289 1294 2317 σοι
1327 2304 1335 2311 .
1372 2304 1379 2311 -

443 2355 620 2398 Photius
653 2370 686 2398 S.
719 2370 758 2398 ν.
788 2360 856 2413 ἠν·
890 2360 1050 2410 δασέως
1079 2357 1122 2411 (ἰ.
1155 2369 1192 2396 e.
1225 2355 1304 2411 ἦν),
1337 2357 1438 2399 ὅταν
1467 2357 1621 2411 ἠθικῶς
1650 2356 1843 2414 λέγηται,
1877 2354 1915 2398 οἱ
1933 2368 2008 2397 πα·

303 2430 430 2472 λαιοί·
465 2431 505 2471 ἐν
535 2432 583 2473 δὲ
614 2431 845 2489 Μενάνδρῳ,
877 2431 1012 2473 Αὑτὸν
1049 2431 1348 2488 τιμωρουμένῳ,
1386 2429 1485 2471 τόδε
1521 2428 1637 2486 ψιλὸν
1674 2425 1716 2478 (ἰ.
1751 2437 1789 2466 e·
1821 2421 1887 2480 ἦν)
1921 2424 2012 2468 ἀντὶ

301 2507 373 2543 τοῦ
410 2500 550 2552 ,,ἰδοῦ“
564 2514 571 2521 “
605 2503 695 2545 κτλ.

2108 2221 2112 2225 v
2094 2079 2112 2199 '‘za—A.
2108 2029 2112 2035 .
2110 1970 2112 1995 ...
2108 1936 2112 1941 ι
2110 1884 2112 1905 Α.

446 2571 486 2610 in
520 2571 650 2612 codd.
685 2571 800 2612 male
835 2571 1083 2611 distinctum
1118 2574 1184 2610 est
1216 2571 1254 2614 οἱ
1283 2571 1332 2613 δὲ
1363 2571 1528 2613 παλαιοὶ
1559 2569 1600 2611 ἐν
1629 2568 1860 2626 Μενάνδρῳ.
1893 2563 2012 2620 apud
2090 2608 2103 2615 ,,

304 2640 553 2682 Terentium
588 2643 748 2683 nemini
779 2646 901 2702 χιτών
933 2641 1130 2689 offertum
1165 2639 1245 2680 sed
1277 2638 1459 2680 fortasse
1492 2636 1602 2687 haec
1639 2636 1774 2679 verba
1809 2640 2013 2691 spectant

305 2712 358 2751 ad
393 2712 643 2753 Menedemi
676 2713 855 2754 ancillas
888 2725 1006 2753 erum
1041 2712 1276 2752 vestientes
1309 2710 1364 2765 (v.
1400 2707 1512 2765 130).

969 2806 1010 2849 8.
1045 2806 1109 2861 (=
1138 2805 1221 2847 147
1256 2805 1343 2858 K.).

1047 2910 1054 2919 .
1089 2880 1224 2922 ταῦτά
1255 2893 1318 2921 σοι
1348 2879 1418 2921 καὶ
1448 2877 1584 2921 Πύθια

807 2953 876 2994 καὶ
907 2951 1048 3005 Δήλια.

449 3031 611 3073 Zenob.
646 3031 686 3081 6,
708 3031 776 3077 15.
839 3039 973 3077 ταῦτα
1002 3035 1093 3076 κτλ.
1113 3042 1122 3052 ·
1156 3034 1180 3086 ἢ
1212 3032 1405 3090 παροιμία
1442 3029 1598 3089 εἴρηται
1635 3030 1696 3072 ἐπὶ
1732 3034 1813 3071 τῶν
1851 3028 2012 3071 ὕστατα
