2112 3496
991 327 1258 370 ..8-

268 450 455 492 Lobeck
499 449 593 505 (pg.
642 447 745 500 207)
789 451 982 488 annotat:
1027 449 1191 500 νεοττός
1231 445 1486 499 disyllabum
1522 449 1582 489 est
1618 447 1665 488 in
1705 445 1825 490 Men.
1862 459 1986 490 versu

269 522 385 576 apud
415 519 597 564 Suidam
629 533 660 561 s.
691 533 742 568 v.,
777 532 865 559 non
898 518 1029 558 bene.
1093 522 1212 559 recte
1246 517 1451 558 Meineke
1485 516 1528 571 (1.
1562 530 1599 558 c.
1634 530 1711 572 pg.
1737 516 1829 573 19):
1842 518 1987 571 possis

268 594 396 636 etiam
437 595 488 636 τὸ
531 595 711 636 νεοττίον
757 590 853 643 (nisi
897 589 1018 642 quod
1061 589 1162 630 coll.
1210 587 1368 641 Phryn.
1409 593 1452 629 et
1487 586 1687 641 Hesych.
1725 588 1882 630 melius
1920 594 1988 630 est

267 665 606 724 προπαροξύνειν);
639 662 757 702 idem
791 663 1059 702 senariorum
1091 660 1294 713 reliquias
1326 661 1383 701 ita
1415 660 1648 709 constituit,
1672 663 1717 700 ut
1736 662 1787 705 τὸ
1807 663 1987 706 imre-nov

269 737 312 776 in
335 734 420 775 fine
443 746 591 775 versus
614 737 810 786 ponatur.
872 733 915 772 in
938 745 1024 785 quo
1049 733 1275 785 eleganter
1297 731 1451 780 sensit;
1474 744 1575 772 nam
1597 731 1785 784 primum
1807 743 1988 774 caesura

268 804 640 861 penthemimeres
662 805 782 845 nullo
806 804 888 845 nisi
908 802 997 844 hoc
1018 804 1156 844 modo
1180 802 1413 852 obtinetur,
1437 802 1599 844 deinde
1617 815 1695 843 usu
1712 801 1986 844 Menandreo

269 878 507 919 numeralia
551 889 686 929 saepe
729 888 933 916 versuum
971 873 1130 916 finibus
1168 888 1192 915 a
1229 875 1316 916 suis
1354 873 1499 915 verbis
1538 874 1792 915 dirimuntur
1827 873 1986 928 (Peric.

272 948 370 992 153.
394 950 421 990 4
455 947 572 990 Sam.
598 947 695 989 177.
721 946 747 988 8
780 948 862 988 inc.
895 947 946 989 ΙΙ.
978 945 1046 988 10.
1074 945 1128 1000 1),
1160 950 1251 987 tum
1283 945 1467 986 verbum
1498 949 1683 990 νεοττιάν
1714 945 1856 987 simile
1887 943 1990 986 huic

269 1024 454 1066 νεόττιον
492 1024 644 1072 utpote
683 1023 823 1059 ortum
864 1032 922 1059 ex
954 1018 1109 1059 eadem
1144 1018 1291 1058 radice
1323 1018 1367 1058 in
1397 1031 1438 1060 v.
1471 1017 1696 1058 cuiusdam
1731 1016 1989 1058 Menandrei

271 1092 538 1144 conspicitur
581 1089 668 1131 fine
714 1090 868 1143 (Peric.
913 1089 1032 1143 278).
1095 1101 1183 1142 quo
1222 1089 1433 1142 exemplo
1472 1101 1572 1129 cum
1610 1087 1820 1141 probatur
1859 1088 1988 1129 etiam

270 1165 449 1208 νεόττιον
492 1163 534 1202 in
578 1162 727 1202 ultima
774 1161 882 1202 sede
921 1161 1118 1214 potuisse
1157 1164 1342 1209 exstare,
1382 1164 1472 1200 tum
1512 1160 1833 1200 demonstratur
1869 1159 1989 1200 illam

272 1232 562 1288 synalopham
600 1236 778 1286 νεοττόν,
819 1245 948 1286 quam
985 1232 1119 1273 vetuit
1151 1229 1437 1284 Phrynichus,
1470 1230 1657 1272 Lobeck
1689 1231 1822 1278 iussit,
1856 1231 1988 1285 plane

273 1319 297 1346 a
335 1305 563 1346 Menandri
595 1304 912 1345 consuetudine
946 1303 1131 1344 alienam
1166 1315 1275 1344 esse.
1309 1326 1365 1332 —-
1397 1303 1440 1342 in
1471 1301 1624 1355 fragm.
1659 1301 1830 1343 Graeco
1864 1302 1991 1343 deest

273 1377 568 1430 imperativus,
612 1389 743 1428 quem
788 1375 1018 1416 Terentius
1066 1375 1284 1428 expressit
1328 1373 1477 1416 Latine
1520 1373 1630 1426 quod
1671 1373 1781 1416 iussi
1818 1373 1858 1415 έί
1893 1373 1991 1415 dari

274 1449 509 1497 bibere...‚
543 1448 677 1490 date.⁴
715 1446 931 1488 Charisius
965 1446 1062 1498 (GL
1093 1445 1110 1486 I
1145 1443 1250 1501 124)
1282 1445 1392 1486 haec
1425 1444 1548 1485 affert
1578 1444 1708 1485 Titini
1737 1458 1762 1485 e
1783 1442 1991 1500 †Prilia:

273 1520 369 1563 date
400 1519 467 1561 illi
497 1519 621 1568 biber,
656 1518 867 1561 iracunda
898 1517 999 1560 haec
1030 1520 1101 1568 est,
1132 1516 1207 1557 ubi
1239 1517 1282 1557 in
1314 1517 1509 1570 margine
1533 1516 1786 1569 ascriptum:
1809 1519 1859 1561 τὸ
1878 1523 1989 1560 πιεῖν.

274 1595 446 1645 poterat
478 1591 606 1644 igitur
635 1590 818 1631 verbum
843 1602 941 1630 esse
963 1588 1069 1632 hoc:
1103 1587 1194 1644 (δὸς
1224 1588 1315 1642 vel)
1346 1590 1445 1632 δότε
1475 1594 1573 1632 πιεῖν
1605 1586 1823 1643 (Pherecr.
1847 1586 1896 1629 fr.
1918 1586 1988 1632 69.

275 1662 302 1704 2
336 1663 375 1703 K
409 1662 439 1716 [Ι
471 1660 590 1719 164]:
622 1666 743 1707 δώσω
775 1659 903 1716 πιεῖν),
938 1662 1036 1714 quia
1068 1660 1297 1701 infinitivus
1326 1661 1370 1700 in
1393 1659 1563 1700 Graeco
1586 1672 1762 1713 quoque
1785 1671 1992 1699 sermone

276 1735 338 1775 sic
375 1734 542 1787 pendet
580 1747 638 1774 ex
675 1734 954 1787 imperativo:
993 1731 1070 1773 Ar.
1110 1732 1212 1784 Lys.
1252 1729 1356 1773 923:
1394 1734 1468 1783 δός
1505 1748 1573 1791 μοι
1603 1738 1670 1775 νῦν
1699 1733 1837 1779 κύσαι;
1871 1729 1991 1774 Men.

277 1806 436 1858 Georg.
477 1804 552 1846 60:
593 1811 734 1866 φαγεῖν
771 1809 1007 1865 προσέφερε,
1045 1803 1252 1844 similiter.
1287 1826 1343 1832 —
1376 1803 1476 1843 vide
1516 1815 1644 1855 quam
1677 1806 1876 1843 accurate
1908 1813 1994 1842 nec

276 1878 368 1918 sine
412 1877 611 1917 libertate
654 1878 830 1918 verterit
869 1877 1118 1918 Terentius:
1165 1871 1335 1921 λούσατ’
1381 1877 1507 1929 αὐτὴν
1551 1876 1699 1918 αὐτίκα
1744 1874 1920 1914 mutavit
1950 1872 1992 1912 in

275 1948 349 2002 fac
379 1949 465 1991 ista
496 1948 605 1991 hanc
635 1948 754 1998 lavet,
789 1949 882 1989 scil.
915 1953 1098 1988 matrem
1130 1946 1312 1988 familias
1345 1960 1434 1987 non
1467 1947 1627 1986 decere
1650 1949 1766 1985 ratus
1787 1957 1872 1985 una
1892 1957 1992 1985 cum

277 2020 434 2060 ancilla
471 2024 558 2060 tam
596 2021 669 2060 vili
702 2020 823 2074 fungi
856 2018 1019 2069 officio,
1053 2019 1135 2060 sed
1165 2019 1307 2059 solam
1339 2030 1509 2059 servam
1543 2015 1644 2058 huic
1674 2017 1737 2057 rei
1768 2014 1991 2064 sufficere;

277 2092 408 2143 paulo
454 2096 556 2144 post
600 2097 758 2141 autem,
803 2091 877 2132 ubi
923 2092 978 2132 de
1022 2089 1278 2144 potionibus
1323 2090 1473 2142 agitur,
1520 2087 1676 2129 ambae
1718 2087 1994 2141 appellantur

278 2162 463 2203 feminae
497 2164 740 2204 secundum
773 2163 1077 2211 Menandrum,
1113 2166 1158 2203 ut
1188 2161 1401 2214 suspicor,
1436 2173 1567 2213 quem
1598 2163 1699 2204 δότε
1731 2192 1740 2201 .
1759 2190 1797 2203 ..
1816 2161 1993 2219 φιλτάτη

278 2235 545 2287 coniungere
590 2235 786 2288 potuisse
832 2233 1058 2289 constat1).
1121 2233 1328 2287 potiones
1374 2232 1504 2284 ipsas,
1551 2244 1657 2284 quas
1703 2229 1993 2271 Menandrum

279 2306 597 2359 spectatoribus
643 2306 926 2346 nominantim
971 2306 1086 2346 iuvat
1130 2304 1295 2353 afferre,
1342 2304 1415 2344 ille
1461 2303 1624 2343 omisit:
1664 2301 1774 2355 quod
1814 2301 1922 2344 iussi
1957 2301 1996 2342 ei
2074 2345 2082 2352 ,

279 2377 377 2419 dari
413 2377 548 2420 bibere
579 2381 618 2420 et
649 2381 853 2431 quantum
883 2377 1109 2430 imperavi,⁸
1141 2389 1271 2428 quam
1303 2375 1458 2429 frigide
1491 2374 1661 2415 collatis
1692 2372 1992 2414 Menandreis!

971 2495 1013 2540 5.
1049 2495 1112 2550 (=
1130 2493 1187 2536 49
1220 2494 1306 2547 K.).

738 2599 770 2620 ε
788 2603 813 2608 -
831 2603 859 2619 o
877 2603 903 2609 —
921 2599 949 2620 ε
967 2602 993 2608 -
1010 2602 1039 2619 υ
1071 2582 1124 2638 μὴ
1156 2582 1341 2622 λιτάνευέ
1376 2575 1475 2637 (pe)
1489 2575 1536 2631 ¹²).

424 2673 520 2714 Ter.
553 2673 689 2715 Andr.
722 2688 759 2715 ν.
794 2673 894 2716 543.
959 2672 1169 2715 Chremes
1203 2671 1383 2720 Simoni,
1418 2672 1491 2725 qui
1512 2669 1603 2711 filio
1626 2682 1705 2711 suo
1729 2669 1842 2710 illius
1862 2667 1994 2710 filiam

284 2745 435 2784 iterum
474 2746 515 2785 in
555 2746 874 2786 matrimonium
914 2746 1035 2798 petit,
1075 2742 1140 2785 his
1188 2743 1332 2784 verbis
1381 2743 1543 2783 urbane
1589 2747 1717 2794 atque
1762 2739 1998 2782 liberaliter

284 2826 330 2855 se
365 2815 508 2856 offert:

430 2910 455 2948 ι)
483 2911 525 2942 Cf·
554 2910 675 2954 (Sam)
703 2909 759 2944 37.
786 2909 809 2944 8
835 2908 966 2946 λούσατ’
996 2908 1024 2945 ὦ
1049 2910 1153 2946 τάλαν
1175 2909 1179 2954 Ι
1202 2908 1239 2945 τὸ
1264 2907 1417 2944 παιδίον.
1434 2934 1441 2941 .
1458 2935 1465 2941 .
1493 2907 1534 2940 nl.

428 2967 454 3011 9)
483 2970 653 3002 ubiudicat
679 2971 866 3002 Menandro
893 2970 958 3002 hoe
985 2970 1024 3002 fr.
1053 2970 1093 3002 de
1121 2969 1356 3008 Wilamowitz,
1384 2968 1440 3010 qui
1466 2966 1642 3003 λιτανεύειν
1669 2966 1815 2999 alienum
1842 2967 1959 2997 censet
1978 2974 1998 2995 ι

286 3036 441 3059 sermone
469 3038 612 3060 comico.
