2112 3496
1022 337 1312 379 -58-

453 458 525 512 eqo
556 457 626 500 ille
652 458 846 511 ames-tis,
877 456 1034 505 saevos,
1069 458 1218 510 tristis,
1245 469 1416 510 parcus,
1448 455 1721 507 truculentus,
1753 459 1880 498 tenax

454 530 559 571 duxi
589 542 769 571 uxorem.

317 603 371 644 cf.
403 601 534 645 Arist.
569 602 681 642 Nub.
714 615 781 642 vv,
816 600 887 650 43,
921 600 967 643 6:

680 675 769 732 ἐμοὶ
799 676 878 732 γὰρ
909 672 959 727 ἦν
989 673 1182 732 ἄγροικος
1210 674 1380 727 ἥδιστος
1413 674 1513 732 βίος,
1548 704 1556 712 -
1593 703 1602 713 .
1638 703 1644 711 -

679 740 803 788 ἔπειτ’
836 745 971 804 ἔγημα
1000 747 1266 804 Μεγακλέους
1296 752 1369 789 τοῦ
1401 746 1667 802 Μεγακλέους

681 817 916 876 ἀδελφιδῆν.

314 887 518 927 Asranius
551 887 593 926 in
629 885 835 934 Priviqno
869 885 936 941 (=
967 885 1014 927 fr.
1048 885 1134 927 252
1167 885 1249 940 R.):

705 957 851 999 viscisti
881 958 1030 1010 tristis,
1061 957 1207 1005 dieras,
1240 956 1443 1010 difficilis,
1477 960 1614 999 tenax.

928 1076 969 1117 ἴ).
1003 1075 1072 1131 (=
1101 1080 1205 1129 post
1239 1075 1293 1116 12
1326 1074 1415 1129 K.).

670 1160 796 1219 οἴμοι·
828 1162 877 1203 τὸ
899 1162 978 1218 γὰρ
1011 1159 1123 1219 ἄφνω
1154 1162 1367 1219 δυστυχεῖν
1399 1162 1544 1218 μανίαν
1576 1165 1678 1204 ποεῖ.

458 1259 523 1295 est
554 1254 782 1295 Menandri
815 1267 934 1295 mon.
968 1254 1068 1304 696,
1103 1254 1223 1307 quod
1254 1254 1419 1307 primus
1451 1252 1558 1294 Ihne
1581 1254 1676 1307 (pg.
1699 1253 1755 1295 27
1778 1253 2022 1306 quaestion.

314 1327 430 1378 Ter.)
464 1326 647 1367 contulit
676 1338 775 1366 cum
805 1326 904 1367 Ter.
933 1324 1022 1366 Ad.
1046 1339 1084 1368 v.
1112 1325 1208 1374 197,
1242 1325 1317 1366 ubi
1340 1324 1502 1367 Sannio
1526 1314 1628 1366 leno
1651 1323 1762 1366 haec
1784 1325 2022 1366 exclamat:

1480 1395 1557 1449 pre
1587 1395 1778 1451 supreme
1807 1394 2024 1451 Jappiten

557 1470 742 1511 minume
774 1471 916 1519 miror,
951 1471 1024 1523 qui
1053 1470 1244 1512 insanire
1275 1469 1486 1522 occipiunt
1517 1481 1567 1510 ex
1597 1469 1774 1510 iniuria.

317 1554 398 1582 nec
445 1546 576 1589 recte,
626 1546 671 1581 ut
717 1541 887 1594 opinor,
936 1541 1067 1582 Kock
1113 1541 1301 1581 exclusit
1346 1539 1433 1581 hoc
1472 1539 1624 1593 fragm.
1677 1552 1778 1581 nam
1816 1543 2024 1592 quantum

316 1613 455 1665 potuit
487 1612 705 1665 elegantia
727 1625 815 1652 non
839 1613 1055 1666 neglecta,
1085 1617 1219 1666 poeta
1240 1612 1418 1652 Latinus
1442 1611 1610 1653 Graeca
1636 1610 1772 1652 verba
1792 1610 2024 1664 expressit.

315 1690 402 1724 tarn
450 1684 615 1724 similes
662 1688 761 1724 sunt
808 1682 850 1724 hi
899 1684 986 1724 loci
1034 1696 1163 1737 quam
1211 1684 1283 1737 qui
1328 1683 1532 1724 maxime.
1595 1683 1703 1743 οἴμοι
1749 1682 1928 1723 mutavit
1964 1680 2026 1722 ob

316 1756 514 1796 colorem
546 1755 746 1796 Latinum
778 1756 820 1795 in
847 1768 927 1808 pro
959 1768 1151 1809 supreme
1190 1753 1404 1808 Iuppitem
1444 1760 1637 1795 ceterum
1678 1766 1809 1807 quam
1840 1750 2026 1808 pulchre

316 1827 657 1880 impersonalem
689 1839 848 1868 vocem
881 1831 1027 1886 μανίαν
1064 1833 1169 1871 ποιεῖ
1196 1826 1390 1867 sermoni
1423 1825 1579 1866 Latino
1620 1825 1839 1879 adaptavit
1869 1823 2025 1878 plurali

317 1899 511 1950 generali
542 1899 736 1941 insanire
767 1899 990 1951 occipiunt,
1031 1911 1160 1951 quam
1193 1903 1312 1938 recte
1352 1898 1394 1937 in
1424 1903 1531 1942 ποιεῖ
1559 1897 1772 1950 cognovit
1800 1897 1888 1937 vim
1919 1895 2025 1937 inci·
2081 1918 2086 1922 ·

319 1971 480 2023 piendi,
520 1983 619 2011 cum
659 1970 763 2011 dicit
800 1971 1021 2022 occipiunt.
1084 1983 1215 2023 quare
1254 1968 1340 2010 hoc
1372 1968 1662 2022 fragmentum
1699 1966 2026 2022 segregandum

320 2055 408 2081 non
441 2054 618 2082 censeo.

1005 2135 1046 2178 6.
1080 2135 1148 2191 (=
1179 2136 1217 2178 3.
1253 2135 1340 2191 K.).

692 2223 726 2265 εἰ
754 2221 794 2265 δ’
828 2221 937 2265 ἔστιν
968 2221 1088 2272 οὗτος
1119 2223 1191 2275 τὴν
1222 2222 1344 2280 κόρην
1376 2222 1397 2263 ὁ
1428 2221 1670 2281 διεφθορώς,
2014 2283 2019 2288 Δ

464 2315 656 2358 Eustath.
712 2315 809 2365 191,
865 2316 937 2357 25:
989 2318 1036 2360 ἐκ
1087 2318 1339 2375 Μενάνδρου·
1387 2319 1494 2370 κτλ,
1543 2314 1708 2355 omisso
1756 2313 1937 2354 articulo
1990 2314 2028 2357 ὁ.
2093 2315 2097 2321 '

323 2386 499 2429 Bachm.
550 2388 702 2429 anecd.
736 2387 771 2427 ΙΙ
804 2387 904 2436 377,
941 2386 1006 2429 13.
1084 2389 1316 2447 Μένανδρος
1347 2388 1387 2432 ἐν
1425 2382 1660 2448 Ἀδελφοῖς·
1707 2388 1815 2434 κτλ.,
1854 2383 2023 2426 omisso

323 2466 397 2501 art.
432 2463 463 2504 ὁ.
529 2459 735 2500 Ammon.
768 2460 844 2501 41:
878 2462 973 2504 Μέν.
1006 2455 1121 2504 Ἀδ.·
1154 2462 1261 2507 κτλ,
1296 2459 1468 2500 omissis
1499 2457 1644 2499 verbis
1676 2457 1796 2510 οὗτος
1826 2460 1869 2498 et
1901 2457 1936 2502 ὁ.

466 2532 687 2572 articulum
722 2534 743 2575 ὁ
775 2531 943 2572 addidit
975 2531 1122 2583 Kock3
1156 2529 1210 2571 cf.
1244 2530 1377 2571 Perie.
1412 2528 1512 2571 249.
1545 2528 1617 2572 50.

1208 2605 1229 2646 ὁ
1261 2605 1315 2645 δὲ
1345 2603 1655 2661 διεφθαρκὼς
1685 2602 1784 2660 ἐμοῦ

821 2676 993 2727 ἀπόντος
1023 2677 1148 2728 αὐτὴν
1180 2677 1253 2717 οὐκ
1283 2674 1420 2717 ἀδικεῖ
1447 2673 1511 2733 μ’;

326 2750 441 2784 recte
476 2745 751 2785 Valckenaer
782 2758 880 2786 cum
914 2759 952 2788 ν.
988 2745 1260 2786 Menandreo
1293 2744 1475 2785 contulit
1506 2743 1604 2784 Ter.
1636 2741 1723 2784 Ad.
1756 2754 1825 2784 vv.
1855 2740 1956 2783 295.
1985 2739 2028 2792 6,
2102 2715 2112 2788 ,ἶ

329 2816 397 2855 ubi
432 2815 644 2857 Canthara
676 2830 781 2857 anus
815 2815 1053 2858 Sostratam
1088 2821 1326 2856 matronam
1362 2815 1417 2855 de
1451 2813 1564 2856 filiae
1596 2818 1746 2867 stupro
1784 2810 1851 2854 his
1882 2810 2031 2854 verbis
2107 2835 2112 2837 -

327 2888 591 2927 consolatur:

445 2958 466 2999 έ
496 2973 539 2999 re
571 2961 673 3000 mita
698 2959 855 3011 melius
884 2960 985 3012 lieri
1015 2958 1102 3001 hau
1130 2959 1267 3012 potuit
1298 2971 1425 3011 quam
1456 2957 1669 3011 factumst,
1703 2969 1787 3003 era,

446 3030 611 3080 quando
646 3031 790 3071 vitium
821 3031 1056 3075 oblatumst,
1089 3030 1199 3083 quod
1229 3029 1289 3072 ad
1319 3029 1441 3071 illum
1474 3026 1628 3070 attinet
1657 3027 1935 3080 potissimum
