2112 3496
1031 310 1327 354 —20—

326 441 368 475 et
399 435 497 487 quia
528 434 571 474 in
603 432 828 486 permultis
862 431 1091 471 Menandri
1123 429 1369 471 comoediis
1404 429 1573 470 fuerunt
1608 428 1811 472 homines
1850 441 2036 485 pauper·

325 506 448 547 culae
481 504 767 552 condicionis,
808 500 1131 542 monostichum
1166 502 1222 542 ad
1252 501 1466 543 Andriam
1498 500 1907 544 referendum'esse
1945 515 2035 544 non

324 577 517 618 arbitror.
582 589 678 615 nam
714 587 975 627 quamquam
1012 576 1144 633 ζῶμεν
1181 573 1236 614 ad
1270 573 1454 625 Mysidis
1492 585 1754 626 responsum
1791 587 1882 615 non
1919 574 2036 616 male

324 648 515 701 quadrat,
554 652 699 687 tamen
736 646 819 686 alia
850 659 908 685 ex
944 650 1066 698 parte
1105 645 1342 685 dicendum
1381 649 1448 686 est
1478 644 1580 685 coll.
1615 644 1794 686 Terenti
1823 646 1947 689 aiunt
1978 645 2036 687 de

325 719 493 760 Graeco
527 721 646 779 φασίν
660 716 690 772 ¹)
722 717 855 757 licere
888 717 1102 770 cogitare:
1135 716 1254 757 velut
1283 721 1475 770 poterat:

466 834 470 837 ,
665 792 737 848 οὐχ
768 794 821 841 ὡς
852 791 1063 848 ἐθέλομεν,
1097 792 1230 849 φασίν,
1264 788 1358 832 ἀλλ’
1393 794 1447 841 ὡς
1476 791 1701 849 δυνάμεθα.

325 867 367 903 et
398 862 627 902 Terentius
661 874 718 901 ex
748 863 879 920 ζῶμεν
916 865 962 900 ut
999 860 1158 913 opinor
1194 859 1370 900 fecisset
1400 873 1551 901 versus
1582 859 1820 902 clausulam
1857 860 2038 903 vivimus

324 938 396 974 aut
425 933 599 975 vivitur:

322 1008 369 1047 ut
400 1005 582 1057 quimus,
615 1003 773 1057 hospes,
806 1003 924 1046 haud
953 1006 999 1045 ut
1029 1003 1220 1046 volumus
1249 1003 1442 1046 vivimus.

601 1144 659 1188 Β.
693 1142 1002 1188 Perinthiae
1034 1142 1402 1189 Menandreae
1433 1142 1755 1202 fragmenta.

466 1230 684 1279 Meineke,
724 1230 842 1270 Men.
882 1235 926 1270 et
964 1228 1143 1270 Philem.
1181 1242 1290 1282 pgg.
1332 1227 1586 1285 140—142;
1626 1228 1819 1279 Grauert‚
1854 1229 2036 1270 analect.

322 1314 428 1354 pgg.
465 1301 717 1357 187-1923
752 1302 971 1351 Dziatzko‚
1007 1301 1118 1342 Mus.
1151 1299 1292 1342 Rhen.
1317 1299 1371 1342 31
1401 1292 1508 1354 pg'g.
1532 1299 1619 1342 248
1641 1313 1727 1354 sq.;
1751 1301 1894 1351 Kock,
1918 1313 2034 1342 com.

322 1371 410 1413 Att.
446 1373 493 1414 fr.
527 1373 582 1413 III
615 1386 723 1426 pgg.
760 1371 1008 1414 112—114.

999 1469 1035 1509 1.
1071 1468 1140 1523 <=
1163 1466 1249 1509 397
1283 1465 1370 1523 K.).

1086 1553 1277 1611 οὐδεμίαν
1306 1554 1334 1606 ἡ
1363 1558 1490 1610 γραῦς
1521 1553 1628 1603 ὅλως

705 1626 854 1668 κύλικα
883 1630 1072 1683 παρῆκεν,
1106 1625 1219 1668 ἀλλὰ
1249 1626 1348 1667 πίνει
1376 1626 1449 1677 τὴν
1481 1624 1627 1680 κύκλῳ.

465 1766 563 1807 Ter.
587 1765 725 1807 Andr.
749 1781 787 1808 ν.
810 1765 896 1808 228
919 1779 1012 1819 sqq.
1036 1765 1174 1819 Mysis
1196 1778 1220 1806 a
1243 1765 1421 1806 domina
1443 1765 1499 1805 ad
1521 1765 1727 1806 Lesbiam
1751 1763 2034 1806 obstetricem

323 1837 453 1877 missa
485 1835 595 1878 haec
628 1838 747 1879 dicit:

491 1908 640 1951 audivi
670 1897 872 1964 Archylis
901 1911 991 1952 iam
1022 1909 1202 1951 dudum:
1235 1907 1429 1950 Lesbiam
1462 1907 1617 1950 adduci
1648 1907 1775 1949 iubes.

492 1992 594 2022 sane
621 1980 693 2032 pol
724 1980 801 2023 illa
832 1980 1094 2023 temulentast
1124 1979 1278 2022 mulier
1309 1982 1348 2022 et
1378 1980 1618 2032 temeraria,

493 2064 566 2092 nec
595 2052 704 2094 satis
733 2052 877 2107 diyna,
916 2053 1015 2106 quoi
1045 2052 1280 2094 committas
1307 2051 1445 2104 primo
1473 2054 1604 2102 partu
1635 2049 1862 2093 mulierem.

493 2125 632 2165 tamen
663 2137 754 2164 eam
786 2122 1026 2166 adducam?
1055 2122 1406 2175 inportunitatem
1432 2126 1612 2173 spectate
1633 2120 1852 2164 aniculae!

493 2194 593 2246 quia
625 2196 857 2248 compotrix
887 2195 978 2237 eius
1007 2198 1094 2237 est.
1115 2226 1124 2234 .
1150 2225 1159 2234 .

323 2262 407 2303 huc
439 2264 666 2305 referenda
697 2270 796 2307 sunt
826 2264 1044 2306 Athenaei
1076 2265 1210 2306 verba
1241 2277 1352 2318 quae
1385 2270 1621 2318 sequuntur
1653 2262 1742 2319 (pg.
1764 2262 1918 2319 504a):
1947 2261 2038 2319 (τὴν

321 2334 482 2395 φιάλην)
519 2343 615 2380 πᾶσι
651 2344 737 2389 τοῖς
768 2340 982 2398 φιλτάτοις
1012 2338 1141 2382 ἔδωκε
1171 2345 1230 2395 τῷ
1261 2339 1372 2381 παιδὶ
1402 2338 1624 2396 περισοβεῖν
1656 2337 1698 2380 ἐν
1726 2337 1865 2394 κύκλῳ
1895 2335 2035 2380 κελεύ-

322 2423 408 2461 σας,
452 2410 500 2450 τὸ
543 2410 679 2466 κύκλῳ
723 2412 844 2454 πίνειν
883 2406 997 2453 τοῦτ’
1037 2408 1135 2453 εἶναι
1171 2412 1316 2468 λέγων,
1354 2410 1676 2468 παρατιθέμενος
1716 2409 1950 2466 Μενάνδρου
1988 2408 2038 2451 ἐκ

323 2479 555 2536 Περινθίας·
588 2483 680 2524 κτλ.

466 2562 631 2589 morem
673 2551 859 2591 convivii
897 2551 1096 2592 usitatum
1136 2556 1487 2591 commemorant
1523 2550 1641 2590 velut
1676 2547 1953 2603 Antiphanes
1986 2547 2033 2591 fr.

323 2618 406 2659 237
430 2618 483 2659 Κ.
509 2619 560 2672 (ll
586 2620 708 2675 115):
738 2625 1068 2682 χρυσοκόλλητος
1088 2625 1216 2675 δέπας
1242 2619 1248 2678 Ι
1277 2624 1437 2682 μεστόν,
1460 2623 1596 2679 κύκλῳ
1617 2629 1797 2681 χοριῢον.
1840 2618 2033 2674 Euripid.

323 2688 369 2733 fr.
404 2689 489 2731 468
522 2691 577 2732 N:
609 2694 772 2746 κύλικος
802 2695 997 2753 ἑρπούσης
1026 2695 1176 2751 κύκλῳ.
1241 2693 1383 2733 Nonu.
1418 2693 1550 2738 Dion,
1583 2692 1681 2733 XIII
1704 2691 1812 2735 264:
1833 2693 2036 2752 γεύσαντο

320 2763 601 2806 παλιννόστοιο
629 2767 846 2810 κυπέλλου,
879 2789 938 2796 -
970 2764 1040 2806 hic
1072 2764 1252 2806 facetiae
1286 2765 1456 2818 positae
1489 2769 1588 2805 sunt
1618 2764 1659 2804 in
1694 2777 1763 2814 eo,
1787 2762 1907 2817 quod
1928 2774 2035 2804 anus

323 2831 417 2870 sola
456 2834 572 2885 apud
611 2846 658 2874 se
691 2834 800 2876 bibit
832 2836 1031 2886 totidem,
1065 2841 1172 2889 quot
1204 2836 1246 2876 in
1278 2836 1488 2876 conviviis
1521 2849 1545 2876 a
1577 2835 1720 2876 multis
1752 2834 2035 2877 consumitur.

467 2950 492 2993 ¹)
522 2952 612 2992 quod
638 2952 726 2984 idem
754 2953 905 2986 videmus
931 2954 964 2985 in
992 2954 1177 2996 proverbio
1205 2953 1309 2998 (Men.
1337 2953 1378 2986 fr.
1404 2953 1491 2998 514)
1518 2957 1552 2985 et
1576 2953 1610 2985 in
1641 2951 1851 2996 proverbiui
1883 2950 2035 2984 dictione

323 3008 444 3050 (Epitr.
472 3007 556 3049 223)
583 3010 778 3044 adhibitum.
