2112 3496
990 326 1280 368 -78-

276 449 421 504 δίκην).
485 449 565 489 sed
599 448 727 488 etiam
760 446 926 486 dativus
959 458 1190 498 personae,
1224 446 1294 486 cui
1327 446 1526 487 scribitur
1557 446 1668 496 dica,
1692 446 1877 488 debetur
1897 460 1987 488 ser-

277 521 396 560 moni
429 519 611 568 Graeco,
644 524 688 559 ut
719 518 854 558 docet
884 515 954 557 hic
987 518 1131 557 locus:

480 590 555 631 Ar.
587 590 697 630 Nub.
731 588 834 630 758:
874 589 910 634 εἴ
938 606 1003 634 σοι
1033 593 1231 649 γράφοιτο
1263 593 1588 642 πεντετάλαντός
1617 607 1680 643 τις
1707 593 1813 646 δίκη.

277 668 471 704 ceterum
513 662 752 702 Brunckius
796 661 851 701 ad
895 659 970 701 Ar.
1014 659 1096 700 Av.
1139 660 1272 703 1052:
1313 657 1470 703 Graece
1505 660 1664 703 dicitur
1698 665 1906 722 γράφομαί
1942 679 1989 707 σε

279 738 420 794 μυρίας
451 736 651 793 δραχμάς,
683 732 744 774 vel
774 735 917 792 γράφω
950 749 1012 776 σοι
1044 734 1188 792 μυρίας
1217 735 1416 792 δραχμάς.

420 806 475 846 de
507 804 644 845 verbo
678 806 807 863 μυρίοι
838 802 925 844 hoc
957 807 1024 844 est
1050 804 1309 845 notandum:
1333 804 1375 844 in
1398 805 1588 844 numeris
1610 803 1806 845 iambicis
1828 804 1990 846 claudit

278 883 426 925 metra,
461 878 503 916 in
536 876 725 916 numeris
757 874 991 916 trochaicis
1014 875 1162 927 aperit,
1186 875 1243 915 ita
1265 881 1419 916 utnon
1443 889 1500 915 ex
1523 889 1608 916 uno
1633 880 1772 916 metro
1793 875 1991 916 traducat

277 950 319 988 in
352 950 545 989 alterum.
595 947 714 988 velut
745 951 930 986 metrum
962 945 1030 988 III.
1062 946 1226 986 claudit
1252 947 1368 998 apud
1396 945 1741 1000 Aristophanem
1769 945 1836 988 his
1857 947 1987 988 locis:

277 1020 380 1061 nub.
420 1019 520 1069 685,
561 1033 625 1062 av,
666 1018 793 1061 1139.
837 1017 966 1060 1305.
1005 1016 1185 1060 Thesm.
1223 1017 1322 1060 475.
1354 1031 1443 1061 ran.
1477 1017 1547 1060 90.
1583 1018 1680 1060 143.
1716 1018 1823 1059 Plut.
1859 1017 1987 1067 1184,

278 1092 394 1145 apud
427 1091 716 1132 Menandrum
763 1090 897 1144 Epitr.
921 1088 990 1132 55.
1015 1088 1123 1143 2893
1146 1094 1331 1130 metrum
1353 1089 1402 1130 ΙΙ.
1427 1090 1545 1143 apud
1566 1090 1706 1131 illum:
1730 1089 1832 1130 nub.
1859 1087 1987 1131 1041.

278 1177 341 1204 av.
376 1162 476 1212 231,
510 1161 688 1203 Thesm.
722 1161 829 1216 9273
862 1161 915 1202 cf.
949 1161 1096 1214 Eurip.
1120 1161 1168 1203 fr.
1197 1160 1296 1209 575,
1321 1160 1368 1209 3,
1392 1159 1543 1210 816‚8;
1567 1161 1804 1202 metruml.
1829 1160 1991 1202 claudit

277 1236 319 1275 in
351 1234 480 1275 Arist.
515 1234 622 1275 Plut.
660 1232 786 1276 1083.
850 1246 958 1274 unus
989 1246 1028 1274 v,
1049 1231 1412 1286 Aristophaneus,
1437 1233 1479 1273 in
1501 1245 1588 1286 quo
1611 1236 1751 1293 μυρίας
1773 1245 1831 1273 ex
1852 1232 1988 1273 altero

279 1310 419 1347 metro
451 1305 634 1346 traducit
665 1306 708 1345 in
740 1306 925 1354 tertium,
960 1318 1023 1346 av.
1059 1303 1194 1346 1052:

634 1379 773 1422 ἀπολῶ
806 1394 853 1421 σε
883 1379 952 1421 καὶ
982 1380 1128 1436 γράφω
1161 1393 1206 1421 σε
1237 1394 1288 1436 μυ
1316 1374 1322 1432 Ι
1352 1380 1437 1436 ρίας
1466 1379 1666 1436 δραχμάς,

281 1454 431 1502 aperte
464 1455 692 1502 corruptus
726 1452 792 1488 est
823 1453 866 1488 et
898 1448 1183 1501 corrigendus
1215 1446 1331 1488 hunc
1363 1447 1451 1488 fere
1484 1449 1527 1487 in
1560 1447 1760 1488 modum:

642 1523 782 1564 ἀπολῶ
815 1537 861 1564 σε
891 1522 960 1563 καὶ
991 1536 1055 1563 σοι
1087 1522 1229 1579 μυρίας
1258 1509 1404 1579 γράψω
1435 1522 1631 1579 δραχμάς.

279 1592 363 1646 (καί
410 1597 475 1633 est
522 1592 845 1645 explicativum‚
895 1604 982 1643 quo
1029 1597 1205 1644 tempus
1251 1590 1374 1631 futur.
1436 1594 1580 1651 γράψω
1627 1589 1989 1643 commendatur.)

279 1677 485 1704 numeros
529 1661 776 1704 trochaicos
822 1662 929 1702 illud
971 1662 1153 1703 verbum
1198 1663 1336 1716 aperit
1375 1662 1418 1702 in
1467 1661 1696 1703 Menandri
1734 1659 1852 1703 Sam.
1890 1660 1989 1703 256.

280 1735 415 1776 Peric.
449 1734 518 1777 84.
582 1748 714 1788 quare
747 1733 858 1775 haec
889 1735 992 1774 licet
1023 1734 1228 1775 conicere
1260 1734 1489 1787 scripsisse
1521 1732 1869 1787 Apollodorum:

807 1826 838 1846 c
857 1830 882 1835 -
900 1824 928 1838 υ
946 1829 971 1835 -
992 1825 1022 1846 ι-
1055 1809 1195 1865 μυρίας
1224 1825 1253 1846 c
1273 1829 1299 1834 —
1330 1809 1459 1858 δίκας.

281 1878 521 1931 imperativi
560 1877 699 1918 forma
734 1877 905 1920 scribito
943 1876 1090 1932 (‚‚may
1126 1890 1170 1918 er
1207 1876 1506 1932 beantrayeffl)
1539 1877 1666 1917 etiam
1700 1875 1870 1917 Graeco
1902 1887 1990 1916 ser·

282 1950 400 1989 moni
443 1950 622 2003 propria
665 1954 749 1990 est:
796 1947 933 2002 Soph.
971 1947 1042 1989 Ai.
1082 1947 1189 1990 961:
1227 1951 1441 2007 γελώντων
1477 1949 1794 2007 κάπιχαιρόντων
1827 1951 1988 1998 κακοῖςῖ

278 2019 355 2061 Ar.
389 2021 491 2064 nub.
528 2020 663 2063 1142:
695 2023 969 2076 δικαζέσθωνς
1003 2021 1105 2073 Lys.
1139 2019 1245 2062 362:
1277 2022 1501 2073 παταξάτω
1533 2038 1610 2074 τιςς
1644 2019 1750 2062 491:
1786 2022 1988 2079 δρώντων.

280 2105 391 2144 quae
424 2105 524 2133 cum
556 2093 613 2133 ita
644 2093 741 2142 sint,
774 2093 877 2133 licet
907 2106 988 2146 pro
1020 2091 1191 2135 scribito
1223 2091 1430 2132 inducere
1461 2096 1670 2152 γραφέτω,
1709 2095 1847 2141 totum
1879 2088 1991 2143 frag·

281 2168 487 2213 mentum,
522 2169 727 2216 quantum
760 2176 1009 2217 possumus,
1042 2164 1106 2204 sic
1137 2162 1391 2204 informare:

666 2260 691 2266 -
711 2259 825 2276 -υ-
862 2233 980 2295 (μοι)
1018 2238 1160 2295 μυρίας
1194 2231 1410 2294 (γραφέτω
1442 2233 1601 2289 δίκας).

421 2312 582 2347 restant
612 2307 690 2347 tria
721 2306 975 2359 fragmenta,
1009 2319 1192 2359 quorum
1223 2306 1520 2359 transscriptio
1550 2303 1868 2357 tantummodo,
1900 2315 1990 2344 non

279 2377 413 2418 verba
444 2379 538 2431 ipsa
570 2387 801 2419 servantur.

963 2507 1004 2550 9.
1038 2507 1107 2562 (=
1134 2508 1187 2550 17
1223 2507 1308 2562 Κ.).

422 2591 521 2633 Ter.
563 2590 733 2634 Phorm.
773 2605 811 2632 v.
853 2590 922 2633 48.
989 2592 1135 2632 Davus
1180 2591 1235 2632 de
1280 2591 1516 2639 laboribus,
1562 2591 1635 2644 qui
1673 2590 1809 2633 Getae
1847 2589 1990 2631 amico

282 2662 551 2715 impendant,
586 2662 696 2704 haec
727 2662 910 2716 profert:

1160 2747 1292 2788 porro
1325 2738 1462 2777 autem
1495 2733 1605 2777 Geta

564 2807 741 2859 ferietur
771 2806 856 2849 alio
886 2819 1057 2849 munere
1085 2806 1159 2849 ubi
1189 2820 1262 2848 era
1286 2806 1507 2859 pepererit.

558 2890 688 2929 porro
727 2881 867 2920 autem
905 2877 1003 2927 alio,
1036 2877 1110 2919 ubi
1140 2879 1219 2920 erit
1249 2890 1377 2931 puero
1410 2876 1571 2919 natalis
1602 2875 1704 2926 dies,

565 2949 638 2990 ubi
669 2949 911 2991 initiabant.

426 3019 480 3058 ad
514 3018 622 3060 haec
656 3020 872 3060 Donatus:
