2112 3496
1049 288 1343 331 -14-

338 410 555 451 sermonis
587 405 1192 450 cotidiani.libertatem=1h0c
1222 407 1326 447 loco
1359 406 1524 448 imitari.
1588 420 1679 448 non
1716 407 1858 462 magis
1890 411 1958 450 est
1987 408 2051 450 in-

340 482 530 522 auditum
563 480 853 520 Menandrum
887 479 1034 520 dicere
1067 481 1197 531 οὕτως
1229 509 1239 519 .
1269 509 1278 519 .
1310 479 1432 527 ἔστιν,
1465 492 1547 532 pro
1579 491 1668 532 quo
1701 483 1937 533 exspectas
1967 496 2051 526 τοι.

337 556 460 604 οῦτός
490 554 612 604 ἐστιν,
646 563 774 604 quam
803 550 1055 591 Terentium
1085 551 1148 592 sic
1177 581 1187 590 .
1211 583 1221 592 .
1245 553 1318 599 est,
1353 562 1452 591 cum
1473 549 1611 598 ‚malis
1642 547 1750 592 hoc:
1782 550 1886 594 talis
1908 583 1918 592 .
1943 583 1952 592 .
1976 555 2050 594 est.

338 625 420 665 sed
450 636 538 676 quo
572 623 711 676 magis
743 623 786 662 in
817 621 962 663 verbis
994 622 1092 666 εἶναι
1130 626 1173 662 et
1209 634 1295 664 esse
1330 621 1651 674 praedicaveris
1688 622 1776 663 vim
1809 621 2048 674 verbalem,

338 709 393 736 eo
438 695 579 735 minus
617 695 702 734 iam
741 693 943 735 offendes
979 694 1024 734 in
1061 693 1271 734 adverbio
1310 693 1530 747 apposito.
1593 706 1725 746 quare
1765 692 1904 735 verbo
1941 695 2050 740 ἔστιν

337 779 462 807 suum
496 765 599 806 dedi
631 769 876 815 accentum,
916 770 961 806 ut
991 765 1248 806 subaudiam
1281 763 1393 806 haec
1424 768 1556 818 οὕτως
1587 795 1598 805 .
1621 796 1631 806 .
1666 765 1774 810 ἔστιν
1814 763 2049 827 (πιφυκώς);

337 842 382 878 ut
412 835 460 878 in‘
487 837 694 878 Terentio
725 837 788 879 sic
826 868 836 879 .
871 869 879 878 .
919 839 982 879 est
1013 836 1240 892 (moratus)
1279 837 1512 878 subaudire
1550 835 1655 877 mihi
1691 836 1857 878 videor.
1894 861 1952 868 —
1990 837 2048 878 de

335 909 473 950 verbo
512 911 638 961 αὐτός
674 921 816 962 pauca
853 908 1083 950 adicienda
1120 914 1231 951 sunt.
1293 909 1481 962 primum
1514 906 1602 949 hoc
1631 907 1897 949 vocabulum
1927 907 2047 950 idem

335 980 452 1021 valet
489 985 617 1033 atque
655 981 758 1035 ipse,
798 980 959 1020 deinde
999 981 1281 1021 coniunctum
1318 993 1419 1020 cum
1458 980 1638 1021 articulo
1675 979 1788 1022 idem
1818 984 1896 1022 est.
1955 984 2047 1020 tum

339 1050 499 1104 „habet
534 1065 785 1104 pronomen
817 1055 940 1105 αὐτός
983 1052 1111 1092 etiam
1160 1052 1416 1104 simpliciter
1445 1052 1533 1092 vim
1571 1051 1845 1105 pronominis
1882 1051 2048 1092 relativi

334 1124 664 1176 respondetque
697 1124 855 1164 nostris
885 1123 1096 1164 encliticis
1129 1136 1175 1166 er
1204 1124 1265 1165 sie
1295 1136 1348 1166 es.
1411 1123 1494 1164 sed
1525 1136 1577 1164 ea
1598 1122 1860 1177 significatio
1882 1127 2047 1164 tantum

333 1196 377 1235 in
401 1194 590 1247 obliquis
612 1194 800 1246 casibus,
823 1207 1045 1248 nunquam
1067 1195 1109 1235 in
1132 1195 1400 1235 nominativo
1423 1194 1571 1235 locum
1594 1193 1740 1235 habet.
1787 1207 1872 1235 nec
1898 1199 2046 1235 tamen

332 1266 568 1307 encliticon
600 1265 648 1306 fit
678 1269 817 1318 αὐτόν,
850 1271 896 1307 ut
916 1268 959 1307 in
983 1266 1029 1307 M
1052 1265 1138 1308 208
1159 1265 1370 1307 volebant
1390 1266 1693 1323 grammatici?
1722 1264 1790 1320 (G.
1821 1265 2047 1306 Hermann

332 1338 377 1378 in
422 1337 572 1390 vigeri
616 1339 658 1378 d.
692 1338 896 1381 idiotism.
936 1338 1207 1392 compendio
1254 1351 1333 1392 pg.
1373 1336 1473 1379 734.
1507 1338 1535 1379 5
1573 1337 1644 1391 X).
1721 1335 1932 1378 hactenus
1968 1337 2047 1378 viri

332 1409 575 1450 doctissimi
613 1409 758 1450 verba.
796 1411 877 1450 sed
916 1414 1088 1451 exstant
1123 1411 1226 1451 satis
1264 1410 1386 1451 multi
1423 1410 1524 1458 loci,
1565 1408 1721 1461 quibus
1758 1421 1878 1451 nom.
1922 1410 2048 1462 αὐτός

329 1480 451 1521 idem
488 1480 634 1521 valere
667 1485 795 1534 atque
826 1482 867 1524 is
896 1481 1050 1522 frustra
1087 1486 1288 1535 negatur:
1328 1479 1467 1534 Soph.
1500 1480 1571 1521 Ai.
1608 1479 1736 1522 1283.
1798 1483 1925 1534 αὐτὸς
1953 1492 2045 1520 non

330 1557 399 1592 est
429 1553 518 1605 ipse
544 1553 816 1605 potissimum
849 1551 1047 1608 (Ellendt
1069 1556 1131 1598 αὐ.
1154 1551 1223 1608 ΙΙ),
1257 1553 1338 1594 sed
1371 1553 1538 1605 excipit
1567 1551 1675 1592 ill-ud
1705 1551 1829 1604 οὗτος
1848 1565 1888 1594 v.
1916 1549 2043 1593 1274.

331 1628 376 1663 et
406 1624 528 1676 quasi
559 1623 786 1665 abundans
819 1625 991 1665 accedit
1022 1625 1078 1665 ad
1109 1624 1291 1666 verbum
1323 1625 1415 1679 ἦλθ’
1450 1625 1641 1679 ἐναντίος,
1675 1642 1721 1657 =
1754 1636 1812 1666 er.
1846 1620 2044 1678 [Aesch.]

331 1694 378 1735 fr.
402 1694 529 1744 4645
549 1695 601 1736 N.
636 1698 759 1749 αὐτός
790 1697 955 1750 excipit
974 1697 1231 1750 simpliciter
1253 1696 1397 1745 deum,
1433 1696 1489 1736 de
1512 1696 1631 1736 cuius
1654 1695 1698 1735 in
1723 1694 1862 1736 varias
1883 1693 2045 1735 formas

330 1779 430 1807 sese
468 1767 664 1807 mutandi
701 1766 902 1809 facultate
940 1773 1066 1809 antea
1104 1769 1260 1822 agitur:
1298 1767 1405 1810 auch
1447 1766 1596 1809 Tieren
1633 1765 1743 1809 wird
1777 1779 1828 1809 er
1858 1764 2043 1808 iihnlich.

330 1836 462 1879 Arist.
502 1851 599 1891 equ.
641 1838 757 1880 1314
794 1842 919 1893 αὐτός
957 1841 1123 1894 excipit
1159 1841 1290 1895 ὀξίνην
1321 1835 1565 1898 Ὑπέρβολον
1603 1851 1641 1879 v.
1683 1836 1812 1887 1304,
1851 1836 2043 1878 abundat

328 1909 458 1962 igitur
478 1910 598 1951 iuxta
618 1914 779 1956 πλείτω.
813 1911 950 1952 eiusd.
973 1909 1166 1954 Acharn.
1191 1909 1292 1953 239.
1327 1911 1448 1963 οὗτος
1475 1912 1599 1963 αὐτός
1626 1911 1734 1954 ἐστιν
1755 1910 1800 1954 ὃν
1823 1911 2041 1969 ζητοῦμενὲ

328 1981 378 2028 is,
414 1994 533 2034 quem
566 2002 612 2015 =
648 1996 694 2025 er
725 1983 795 2023 vel
828 1983 973 2036 potius
1005 1982 1090 2032 der,
1126 1982 1207 2025 den
1237 2014 1246 2023 .
1271 2013 1280 2023 .
1329 1981 1484 2022 Alcaei
1517 1981 1564 2022 fr.
1599 1980 1656 2022 22
1687 1979 1819 2021 Kock
1849 1979 1885 2035 (I
1917 1978 2040 2035 761):

329 2054 393 2096 ὁδὶ
423 2057 502 2112 γὰρ
535 2055 660 2106 αὐτός
691 2057 817 2099 ἐστιν;
850 2054 988 2097 dieser
1017 2055 1074 2097 ist
1105 2067 1158 2096 es.
1221 2053 1399 2094 maximi
1432 2053 1643 2093 momenti
1664 2057 1808 2094 autem
1834 2055 1934 2093 sunt
1953 2055 2041 2092 tres

328 2123 416 2163 loci
450 2123 724 2166 Menandrei:
749 2125 883 2178 Epitr.
909 2125 1009 2167 495.
1073 2128 1143 2170 καὶ
1172 2121 1335 2186 χρήσετ’
1370 2127 1473 2180 αὐτή
1506 2141 1569 2169 σοι
1599 2119 1688 2168 τότ’
1721 2126 1857 2180 ἠπίως,
1889 2126 1937 2168 σὺ
1967 2120 2037 2179 δέΙ

326 2197 480 2251 ταύτην
512 2197 731 2256 ἀτιμάζεις,
766 2197 839 2237 ubi
870 2200 973 2253 αὐτή
1007 2197 1261 2250 oppositum
1287 2196 1347 2236 illi
1375 2198 1423 2241 σύ
1445 2201 1596 2236 tonum
1618 2195 1865 2249 graviorem
1886 2192 2040 2236 habet:

327 2265 404 2307 illa
435 2267 601 2319 quidem
627 2287 674 2302 =
701 2269 773 2311 sie.
840 2267 956 2310 Sam.
980 2268 1050 2310 42.
1075 2268 1102 2310 3
1124 2271 1193 2313 καὶ
1213 2269 1496 2327 παρεξήλλαξέ
1517 2284 1557 2312 τι
1584 2266 1589 2322 Ι
1618 2269 1723 2322 αὐτή
1749 2269 1895 2319 »καλεῖ
1915 2266 2036 2311 κτλ.“

328 2335 461 2379 Peric.
495 2338 552 2380 70
583 2347 707 2384 τοῦτο
738 2342 818 2400 γάρ
848 2340 854 2394 Ι
881 2338 1062 2400 ἐβούλετ’
1086 2341 1223 2392 αὐτός.
1277 2339 1427 2380 ultima
1449 2339 1538 2379 duo
1561 2338 1781 2391 exempla,
1815 2338 1859 2378 in
1880 2337 2038 2392 quibus

326 2413 519 2449 veterem
552 2412 884 2463 grammaticum
916 2416 1090 2452 secutus
1122 2411 1385 2464 pronomina
1416 2412 1520 2466 αὐτή
1554 2414 1598 2450 et
1627 2411 1753 2462 αὐτός
1783 2408 1874 2450 fere
1904 2408 2038 2450 encli-

325 2481 411 2520 tica
442 2482 586 2534 possis
610 2483 847 2536 appellare,
870 2483 998 2524 valde
1021 2495 1103 2523 nos
1126 2487 1414 2523 commonent
1435 2482 1492 2523 de
1514 2480 1902 2534 Francogallorum
1923 2492 2036 2534 quae

324 2556 504 2592 vocatur
535 2553 779 2596 inversione.
841 2552 907 2595 his
947 2558 1048 2595 octo
1088 2554 1211 2603 locis,
1252 2554 1323 2607 qui
1355 2555 1447 2594 sine
1481 2552 1617 2594 dubio
1655 2552 1805 2606 augeri
1835 2554 2034 2606 possunt,

325 2624 605 2676 perspicuum
640 2630 706 2666 est
737 2638 986 2679 pronomen
1017 2628 1143 2678 αὐτός
1165 2637 1249 2666 nec
1271 2625 1359 2678 ipse
1371 2622 1403 2679 l)
1435 2637 1519 2665 nec
1540 2623 1651 2667 idem
1674 2623 1831 2673 valere,
1866 2635 1925 2664 ex
1945 2634 2035 2677 quo

325 2694 517 2747 sequitur
548 2697 739 2748 positum
773 2710 872 2738 esse
904 2701 950 2738 ut
980 2709 1228 2750 pronomen
1250 2695 1485 2750 personale
1519 2694 1585 2751 (=
1613 2708 1670 2745 er,
1692 2695 1766 2749 sie)
1788 2694 1815 2735 i.
1838 2706 1877 2735 e.
1901 2693 2037 2734 maxi-

326 2778 441 2805 mam
474 2772 642 2819 partem
676 2768 912 2809 abundare.
977 2768 1079 2809 item
1119 2769 1161 2808 in
1200 2767 1445 2821 fragmento
1478 2769 1607 2820 οὕτως
1637 2768 1762 2819 αὐτὸς
1792 2766 1903 2811 ἔστιν
1930 2777 2034 2819 pro-

327 2849 487 2877 nomen
521 2840 644 2892 αὐτός
676 2839 765 2880 fere
798 2839 1003 2890 abundat,
1037 2842 1166 2893 οὕτως
1198 2844 1241 2880 et
1272 2840 1381 2885 ἔστιν
1413 2843 1565 2879 tonum
1597 2837 1839 2879 sententiae
1870 2834 2036 2878 habent

467 2930 495 2973 ¹)
526 2938 607 2963 nota
633 2933 837 2974 pronomina
869 2944 887 2965 a
919 2933 1162 2966 sententiarum
1194 2933 1299 2966 initiis
1331 2937 1462 2966 remota
1493 2935 1526 2965 et
1550 2931 1620 2965 iuis
1645 2931 1771 2972 verbis,
1798 2939 1884 2973 quse
1908 2929 2034 2963 habent

324 2991 428 3021 totius
455 2991 639 3023 sentcntiae
666 2998 794 3034 tonum²
822 2993 1060 3026 encliticorum
1085 2993 1189 3026 modo
1216 2992 1411 3035 postposita
1436 3002 1521 3025 esse.
