2112 3496
975 334 1258 384 .—6—

270 475 440 503 suarum
462 461 613 502 virium
637 461 833 502 nondum
855 465 954 501 sunt
974 465 1209 514 compotes
1231 459 1305 517 (cf.
1327 460 1498 506 λούσατ’
1523 462 1666 517 αὐτήνς
1691 460 1806 503 Don.
1830 461 1982 504 lemm.

271 532 332 588 (3)
365 532 446 574 sub
479 531 584 587 fin.).

412 603 451 645 2.
483 603 556 658 fac
586 603 863 645 referendum
898 607 964 644 est
995 608 1066 644 aut
1097 604 1154 644 ad
1184 616 1422 657 personam
1454 616 1566 657 quae
1599 603 1843 658 appellatur
1863 602 1986 662 (=tu

267 674 413 731 selbst!
448 689 500 717 m.
534 674 681 729 Infin„
721 687 832 728 quae
862 688 954 716 vox
991 680 1058 716 est
1093 673 1330 730 vulgatior)
1361 679 1433 716 aut
1464 675 1520 716 ad
1551 675 1731 716 alteram
1761 676 1983 729 quandam

270 745 578 802 (=veranlasse
595 780 603 787 .
624 745 694 802 .!);
717 745 805 787 hoc
827 747 943 796 loco,
965 748 1067 800 quia
1084 760 1175 788 non
1191 746 1368 788 traditur
1382 746 1456 800 fac
1473 779 1482 788 .
1502 778 1511 788 .
1531 778 1542 789 .
1561 747 1685 797 laves,
1703 747 1986 802 imperativus

268 819 517 858 necessario
555 817 811 859 referendus
843 822 911 859 est
941 819 997 859 ad
1029 818 1207 859 alteram
1239 831 1490 871 personam,
1524 831 1636 871 quae
1668 831 1802 860 nemo
1834 822 1987 873 potest

270 901 367 929 esse
399 889 479 929 nisi
511 889 649 942 Mysis
682 889 850 930 ancilla.

411 959 450 1002 3.
484 961 640 1013 quibus
678 962 922 1003 coniunctis
958 962 1239 1015 perspicuum
1279 966 1346 1002 est
1375 966 1513 1002 totam
1543 963 1805 1003 'sententiam
1835 962 1987 1004 valere

268 1030 372 1072 hoc:
406 1032 646 1075 veranlasse
675 1033 743 1075 die
775 1032 931 1087 Maqd,
964 1032 1052 1087 dass
1076 1033 1140 1076 sie
1171 1033 1240 1075 die
1263 1031 1522 1076 Wijchnerin
1552 1033 1723 1088 reiniye.

410 1103 494 1144 iam
527 1104 659 1145 codd.
693 1105 955 1158 inspiciendi
986 1109 1096 1147 sunt.
1131 1102 1345 1145 exhibent
1377 1109 1539 1145 autem:

342 1174 454 1217 BEG
599 1177 734 1217 istaec
766 1181 811 1216 ut
957 1177 1156 1217 Donatus
1188 1175 1252 1230 (1)
1397 1177 1478 1217 ista
1510 1182 1554 1217 ut

378 1246 410 1288 C
598 1248 716 1288 istaec
749 1252 795 1288 ut
1025 1248 1082 1288 id.
1188 1246 1253 1304 (3)
1399 1249 1525 1289 istam
1557 1246 1660 1303 (ut?)
1695 1245 1905 1306 [quidam]

372 1318 411 1357 D
599 1320 735 1360 istaec
766 1324 812 1360 ut
955 1318 1231 1373 Eugraphius
1397 1320 1479 1360 ista
1510 1325 1555 1360 ut

376 1389 406 1429 P
596 1391 676 1432 ista
707 1396 752 1431 ut
957 1388 1114 1448 [schol.
1146 1390 1302 1432 Bemb.
1336 1390 1423 1431 Ad.
1457 1390 1544 1433 482
1577 1391 1695 1432 illam
1729 1388 1804 1449 ut.]

267 1473 400 1513 porro
439 1461 495 1502 de
534 1462 673 1502 verbo
712 1462 854 1516 facere
891 1461 979 1503 hoc
1002 1467 1078 1513 >est
1110 1462 1367 1503 dicendum:
1402 1467 1448 1503 ut
1479 1468 1576 1503 ante
1610 1475 1658 1503 se
1690 1462 1825 1504 habet
1855 1475 1983 1503 accu-

267 1532 448 1572 sativum
480 1546 698 1586 personae
729 1535 871 1575 iussae
900 1533 979 1588 (Pl.
1001 1532 1126 1574 Asin.
1150 1533 1220 1575 28.
1244 1534 1330 1587 al.),
1354 1535 1412 1575 ita
1433 1538 1537 1587 post
1557 1547 1606 1575 se
1628 1532 1763 1574 habet
1783 1534 1982 1585 eiusdem

267 1603 579 1645 nominativum
618 1603 741 1661 (Eun.
781 1604 898 1661 311).
963 1605 1216 1646 coniunctio
1255 1608 1303 1647 ut
1341 1610 1383 1646 et
1420 1603 1652 1646 adhibetur
1689 1604 1864 1660 (Heaut.
1903 1604 1984 1655 84;

266 1673 326 1715 Pl.
344 1673 422 1716 As.
442 1674 516 1730 28)
542 1681 584 1717 et
605 1677 778 1730 saepius
801 1677 1010 1718 omittitus
1033 1675 1187 1731 (Andr.
1213 1675 1313 1719 408.
1336 1677 1445 1717 Eun.
1471 1675 1570 1718 311.
1596 1675 1696 1729 3203
1720 1676 1780 1719 Pl.
1804 1677 1871 1718 Ps.
1893 1675 1981 1731 49).

268 1759 374 1799 ergo
413 1748 656 1788 secundum
694 1761 946 1789 sermonem
985 1748 1252 1789 cotidianum
1292 1753 1336 1789 et
1373 1748 1506 1788 codd.
1546 1748 1762 1789 lectiones
1793 1748 1985 1802 legimus

266 1815 393 1858 haec:
433 1832 546 1861 nune
579 1821 770 1874 primam
806 1820 880 1874 fac
915 1819 1031 1862 ista*
1063 1814 1108 1884 ,ἓξ
1150 1819 1198 1862 ἀι
1234 1819 1365 1865 lave‘t.
1386 1853 1395 1862 .
1418 1851 1446 1868 .‚
1480 1820 1523 1859 in
1556 1819 1712 1872 quibus
1744 1821 1830 1862 ista
1861 1831 1981 1861 nom.

266 1900 330 1941 sg.
365 1888 466 1930 fem.
499 1903 601 1944 gen.
635 1890 851 1944 signifieat
872 1892 1087 1941 ancillam,
1123 1904 1234 1944 quae
1257 1903 1356 1931 cum
1383 1904 1455 1931 era
1477 1892 1518 1931 in
1541 1891 1688 1931 limine
1711 1895 1806 1932 stat.
1859 1890 1985 1931 deni-

266 1972 350 2011 que
373 1961 642 2003 desideratur
664 1963 933 2004 accusativus
950 1975 1193 2017 puerperae
1214 1962 1271 2003 ad
1287 1961 1396 2005 lavet
1414 1961 1487 2016 (cf.
1505 1960 1615 2005 thes.
1636 1962 1693 2017 1).
1729 1961 1980 2015 Glycerium

268 2036 409 2072 autem
443 2039 812 2075 commemoratur
842 2034 980 2075 verbo
1013 2033 1114 2077 haec
1144 2047 1211 2074 vv.
1246 2033 1347 2076 481.
1382 2032 1430 2074 2:

550 2105 686 2148 adhuc
715 2093 918 2160 Archylis
954 2119 1060 2159 quae
1096 2104 1284 2148 adsolent
1320 2105 1507 2158 quaeque
1538 2103 1698 2158 opdrtet

549 2177 674 2231 siyna
705 2177 790 2220 esse
821 2177 880 2221 άά
908 2177 1100 2230 saltitem,
1133 2175 1274 2219 amnia
1306 2176 1422 2219 hicio
1453 2177 1539 2219 esse
1568 2174 1696 2218 videti.

266 2246 369 2299 quid
407 2248 497 2287 veri
536 2253 602 2288 est
638 2249 833 2298 similius,
873 2262 1002 2302 quam
1040 2253 1220 2302 poetam
1259 2248 1505 2302 insequenti
1536 2259 1712 2301 quoque
1743 2260 1783 2289 v.
1818 2247 1982 2288 eodem

267 2317 607 2360 demonstrativo
641 2332 766 2360 usum
800 2322 921 2361 esse?
953 2320 1017 2361 sic
1048 2320 1176 2373 igitur
1206 2319 1443 2373 pergebat:

403 2404 515 2432 nunc
538 2392 731 2443 primum
761 2391 835 2445 fac
865 2393 950 2434 ista
985 2389 1148 2447 <1ιά>ηε
1178 2389 1273 2446 [ut]
1305 2390 1435 2443 lave't‚·
1459 2389 1580 2443 po'ste
1609 2389 1784 2432 deinde.
1806 2421 1815 2430 .
1835 2421 1845 2432 .

266 2460 307 2499 in
347 2459 411 2501 his
449 2462 533 2503 ista
569 2462 689 2512 hane,
730 2463 773 2503 ni
810 2462 949 2512 fallor,
989 2463 1132 2516 primo
1172 2467 1332 2503 mutata
1370 2467 1470 2502 sunt
1507 2462 1551 2502 in
1586 2461 1738 2504 istanc.
1801 2473 1889 2515 quo
1923 2473 1984 2501 ex

266 2531 402 2571 verbo
442 2545 605 2573 censeo
645 2538 760 2575 ortas
799 2534 1013 2575 lectiones
1044 2534 1128 2576 ista
1159 2536 1231 2587 ut,
1263 2534 1421 2587 istaec,
1454 2533 1608 2586 istam,
1641 2545 1751 2585 quae
1785 2537 1828 2573 et
1859 2532 1983 2586 ipsae

266 2602 601 2656 interpolatione
633 2610 784 2646 auctae
817 2610 918 2646 sunt
948 2606 992 2646 in
1022 2606 1165 2647 istaec
1195 2607 1267 2656 ut,
1301 2605 1435 2647 istam
1465 2608 1531 2647 ut.

408 2675 450 2715 in
484 2676 645 2717 Donati
668 2677 816 2718 lemm.
840 2675 905 2733 (1)
928 2675 1169 2718 Sabbadini
1192 2676 1234 2716 in
1256 2679 1332 2718 aut
1353 2689 1438 2719 non
1459 2675 1673 2717 Graecum
1696 2677 1824 2731 αὐτ-ἧν
1844 2674 1981 2716 latere

268 2746 487 2797 cognovit.
553 2760 673 2800 ergo,
713 2760 813 2788 curn
853 2747 924 2789 hic
962 2748 1018 2788 de
1058 2747 1175 2788 nulla
1213 2747 1294 2788 alia
1332 2761 1378 2788 re
1416 2747 1497 2788 nisi
1536 2748 1592 2787 de
1629 2746 1863 2788 verborum
1895 2745 1984 2787 ista

269 2815 390 2856 istam
430 2819 554 2873 αὐτήν
592 2820 631 2858 vi
671 2824 832 2871 agatur,
873 2823 916 2860 et
954 2832 1012 2860 ex
1049 2817 1136 2859 hoc
1176 2823 1219 2859 et
1256 2831 1314 2859 ex
1351 2818 1594 2871 insequenti
1632 2831 1660 2859 a
1691 2820 1820 2871 parte
1849 2818 1981 2860 totum

266 2886 566 2941 siynificantes,
603 2893 640 2930 et
683 2889 904 2933 Terentius
936 2890 1116 2943 propius
1154 2887 1265 2945 (scil.
1305 2900 1434 2943 quam
1466 2887 1728 2943 Menander)
1759 2887 1818 2931 ad
1847 2886 1981 2942 siqni-

267 2955 500 3005 ftcate'onem
523 2960 693 3001 accessit
715 2961 795 3001 ista
814 2960 988 3003 dicendo
1013 2984 1068 2991 —
1093 2974 1150 3000 ex
1172 2965 1355 3013 utroque
1377 2959 1569 3014 sequitur
1591 2972 1671 3013 pro
1694 2958 1940 3012 posteriore
1950 2955 1981 3011 ¹)

398 3022 439 3082 ⁴¹)
460 3023 533 3071 ng]
565 3051 628 3082 pro
657 3042 782 3083 priore,
810 3043 889 3075 coll.
917 3042 951 3074 in
977 3043 1054 3075 eod.
1081 3043 1194 3075 lemm.
1222 3039 1354 3075 zotoav‘
1386 3039 1460 3075 αἰτ.
1509 3039 1631 3075 dicens
1655 3044 1689 3072 et
1714 3038 1786 3075 ista
1810 3036 1977 3075 diceudo·
