2112 3496
1003 332 1299 376 -10-

290 456 441 510 leyitur
477 459 526 504 et,
567 459 610 494 ut
648 453 822 506 saepius
861 451 1038 505 quidam
1075 451 1230 506 leyant.
1293 449 1377 492 hos
1415 450 1619 504 quosdam
1650 463 1756 492 cave
1788 463 1845 492 ne
1876 450 2007 492 nimis

291 531 543 580 aspernatus
581 525 808 578 neglegas,
842 524 941 577 quia
972 535 1302 576 nonnumquam
1333 526 1483 576 potest
1514 522 1801 564 demonstrari
1831 521 2007 563 illorum

289 599 503 639 lectiones
536 597 672 637 multo
705 596 912 637 meliores
945 607 1043 636 esse
1075 595 1173 644 illis,
1207 607 1317 648 quae
1349 595 1392 634 in
1423 594 1603 635 Terenti
1634 598 1679 635 et
1698 594 1863 635 Donati
1882 592 2007 635 codi⁴

290 669 413 710 cibus
448 669 730 709 inveniuntur.
779 680 912 720 quare
943 667 1171 720 quaeritur,
1205 670 1344 707 utrum
1377 665 1505 708 audio
1533 679 1588 706 an
1608 665 1785 708 audiam
1804 666 1861 707 sit
1879 677 2006 719 prae-

290 740 513 781 ferendum
548 739 636 780 hoc
668 740 785 787 loco,
819 739 845 780 i.
879 751 918 780 e.
954 743 1094 779 utrum
1127 738 1275 779 Davus
1307 739 1566 790 interroget:
1586 736 1704 791 'quid
1723 745 1826 780 nam
1845 734 2011 781 audio?

292 825 365 852 an:
399 811 604 864 qwidnam
635 809 843 853 audiam?

432 888 531 924 sunt
569 883 655 922 duo
694 895 859 935 genera
897 882 1222 935 quaestionum:
1261 882 1443 922 alterum
1482 893 1643 930 earum,
1683 879 1839 933 quibus
1876 879 2007 920 inter-

289 967 495 1008 rogamus
527 954 584 1003 id,
619 953 739 1007 quod
771 953 968 994 nondum
1000 953 1175 1002 scimus,
1205 966 1399 1006 quasque
1422 965 1510 1005 ego
1532 952 1788 1006 genuinas
1810 950 2007 1004 appello.

290 1026 449 1066 alterae
482 1030 579 1067 sunt
611 1039 689 1066 eae
722 1026 1016 1078 quaestiones,
1051 1025 1206 1078 quibus
1239 1025 1391 1078 specie
1422 1023 1728 1065 tantummodo
1761 1022 2010 1076 quaerimus

291 1110 355 1146 ea,
390 1110 500 1150 quae
534 1098 670 1138 modo
704 1097 966 1146 audivimus;
991 1109 1134 1150 neque
1154 1110 1260 1137 vero
1285 1096 1584 1137 desideramus
1606 1095 1680 1136 illa
1701 1095 1830 1136 nobis
1852 1094 2007 1135 iterum

291 1169 389 1217 dici,
425 1182 482 1208 ex
520 1182 606 1221 quo
640 1169 905 1221 intellegitur
935 1168 1045 1209 tales
1083 1169 1362 1221 quaestiones
1395 1168 1597 1221 spurias
1630 1180 1728 1208 esse
1762 1171 1806 1207 et
1836 1166 2011 1220 optimo

290 1241 380 1280 iure
409 1240 754 1280 exclamationes
782 1238 989 1295 haberi1).
1054 1238 1137 1280 hae
1167 1239 1498 1281 exclamationis
1528 1239 1808 1292 quaestiones
1830 1249 2012 1290 semper

291 1316 520 1364 ponuntur,
555 1311 628 1351 ubi
661 1312 756 1364 quis
787 1312 938 1352 nuntio
971 1311 1115 1364 aliquo
1148 1311 1276 1352 valde
1310 1315 1625 1352 commovetur.
1690 1313 1864 1350 exstant
1885 1320 2010 1349 com·

290 1383 438 1436 plures
478 1382 690 1423 formulae
725 1383 1069 1432 exclamationis,
1104 1381 1260 1436 quibus
1294 1387 1338 1423 et
1369 1381 1524 1424 Graeci
1557 1386 1601 1423 et
1632 1381 1818 1422 Romani
1849 1380 1894 1421 in
1925 1378 2013 1420 hac

291 1455 555 1495 condicione
578 1455 820 1495 utebantur.
853 1455 915 1495 illi
937 1454 1263 1496 exclamabant:
1285 1458 1326 1499 τί
1345 1458 1497 1514 λέγεις;
1522 1453 1613 1507 (Ar.
1638 1453 1744 1495 Plut.
1769 1450 1869 1495 143.
1887 1449 2007 1504 388).

438 1530 478 1570 τί
509 1530 557 1570 σὺ
589 1530 723 1585 λέγεις
755 1525 892 1581 (Men.
927 1525 1033 1566 Her.
1069 1525 1144 1577 153
1175 1519 1414 1578 Antiphan.
1448 1524 1534 1567 221
1570 1525 1622 1574 Κ,
1656 1524 1693 1564 11
1728 1521 1854 1579 108)3

434 1602 524 1642 τίνα
554 1601 679 1657 λόγον
710 1601 845 1657 λέγεις
876 1596 1013 1653 (Men.
1048 1597 1183 1650 Epitr.
1218 1596 1336 1652 507).

292 1670 478 1710 Romani
510 1674 673 1710 autem:
707 1669 812 1722 qaid
842 1668 940 1711 ais?
970 1666 1087 1724 (Ter.
1120 1667 1260 1711 Andr.
1299 1667 1420 1723 137);
1455 1681 1606 1708 verum
1638 1667 1776 1708 multo
1809 1665 2012 1718 frequen·

291 1742 373 1781 tius
406 1741 644 1794 respiciunt
675 1754 765 1781 non
799 1740 854 1781 ad
886 1745 1145 1790 narrantem,
1179 1740 1260 1780 sed
1292 1742 1347 1780 ad
1380 1739 1650 1782 audientem:

509 1812 611 1866 quid
642 1826 714 1867 690
748 1811 905 1855 άαᾱίὁὲ
937 1812 1012 1867 (Pl.
1045 1810 1211 1865 Amph.
1245 1810 1343 1854 792.
1393 1811 1497 1852 Poe.
1533 1809 1686 1864 1046);

508 1883 612 1937 quid
643 1897 716 1938 eqo
748 1897 798 1926 ex
829 1886 866 1926 te
895 1881 1057 1925 άαάἰόὲ
1089 1881 1187 1938 (Au.
1222 1881 1321 1924 734.
1370 1882 1497 1935 Epid.
1532 1882 1603 1923 44.
1638 1880 1726 1923 246
1758 1879 1828 1933 al.)

293 1956 508 1995 interdum
542 1953 652 1996 haec
684 1955 870 1996 formula
897 1955 1117 1995 nonnullis
1144 1953 1290 1994 verbis
1319 1952 1620 2008 amplificatur,
1652 1953 1771 1993 velut
1791 1951 1877 1993 Au.
1899 1949 2009 1995 796:

292 2027 331 2068 ei
360 2026 485 2079 mih&
518 2027 627 2080 quod
658 2026 834 2080 facinus
864 2040 915 2070 ex
945 2029 984 2069 te
1014 2039 1088 2080 eqo
1120 2023 1280 2068 audio?
1311 2029 1355 2065 et
1385 2024 1551 2064 ibidem
1584 2038 1622 2064 v.
1653 2022 1760 2066 822:
1793 2021 1904 2076 quad
1935 2035 2011 2076 eqo

292 2097 464 2150 facinus
494 2098 621 2140 audio
653 2111 703 2141 ex
733 2096 802 2140 te?
833 2098 990 2139 ceteris
1025 2096 1243 2150 exemplis
1275 2100 1467 2149 praestat
1497 2094 1580 2137 Au.
1613 2094 1720 2137 616:

387 2169 433 2211 cli
463 2169 731 2216 immortales,
765 2168 875 2222 quod
905 2182 976 2223 eqo
1007 2168 1118 2211 hunc
1149 2168 1355 2210 hominem
1386 2167 1559 2220 facinus
1590 2166 1720 2209 audio
1757 2164 1914 2219 eloqui:

389 2253 433 2282 se
465 2240 612 2282 aulam
643 2244 839 2284 onustam
871 2241 971 2282 auri
1001 2239 1252 2282 abstrusisse
1283 2239 1351 2281 hic
1379 2240 1498 2281 intus
1530 2240 1575 2281 in
1604 2237 1709 2292 fano
1741 2235 1898 2287 Fidei„

294 2324 380 2363 quo
415 2312 626 2365 exemplo
660 2317 843 2365 apparet
874 2310 951 2352 has
981 2311 1261 2365 quaestiones
1282 2310 1450 2363 spurias
1474 2322 1585 2351 esse.
1634 2321 1779 2362 neque
1800 2319 1906 2349 vero
1929 2320 2012 2348 no·

294 2387 406 2422 strae
439 2382 613 2435 linguae
646 2383 807 2424 desunt
837 2381 919 2423 hae
958 2383 1258 2435 quaestiones:
1297 2395 1386 2423 was
1423 2379 1511 2423 hbr'
1550 2377 1650 2423 ich?
1682 2393 1772 2422 was
1806 2378 1908 2434 muss
1939 2376 2014 2421 ich

294 2452 448 2496 haren?
478 2468 566 2496 was
596 2457 713 2508 sayst
744 2453 833 2496 da?
865 2454 934 2495 vel
965 2454 1133 2507 potius:
1165 2467 1254 2496 was
1283 2453 1343 2496 du
1373 2451 1511 2507 sayst!

438 2524 492 2565 ab
534 2524 600 2566 his
634 2525 1028 2567 exclamationibus
1062 2525 1392 2578 dignoscendae
1424 2529 1524 2565 sunt
1555 2523 1833 2577 quaestiones
1871 2534 2010 2576 genu·

295 2595 405 2645 inae,
445 2610 555 2648 quae
589 2611 678 2637 non
710 2610 805 2638 raro
839 2597 957 2650 apud
989 2609 1037 2638 se
1070 2595 1235 2637 habent
1266 2596 1511 2650 particulas,
1550 2607 1657 2648 quas
1695 2599 1826 2648 potes
1857 2592 2010 2648 appel-

295 2667 402 2707 lare:
438 2666 659 2710 Partikeln
686 2669 761 2710 der
781 2669 1093 2711 interessierten
1117 2666 1271 2722 Fraye.
1323 2671 1424 2708 sunt
1450 2671 1593 2707 autem
1623 2665 1725 2711 hae:
1756 2670 1880 2723 δῆτα,
1910 2667 2014 2710 ποτέ

297 2738 429 2791 encl.;
479 2739 658 2789 tandem,
703 2754 805 2782 nam
843 2739 979 2793 encl.;
1021 2739 1144 2793 deun,
1190 2737 1308 2782 wohl.
1378 2738 1497 2779 velut
1543 2742 1661 2779 recte
1702 2738 2011 2791 interrogatum

295 2816 371 2853 ποῦ
402 2810 492 2854 πότ’
527 2812 636 2865 ἔστη
675 2831 720 2845 --
748 2807 994 2853 ubinamst?
1020 2830 1065 2845 =
1093 2823 1154 2853 wo
1185 2811 1241 2853 ist
1271 2823 1317 2852 er
1346 2806 1488 2852 deun?
1519 2822 1670 2850 verum
1693 2820 1930 2862 numquam
1951 2829 2009 2837 —

298 2878 383 2919 hoc
416 2893 633 2922 summum
674 2887 739 2923 est
769 2906 828 2912 -
860 2880 926 2923 his
964 2881 1186 2936 particulis
1223 2881 1348 2922 locus
1389 2885 1455 2922 est
1485 2881 1528 2921 in
1566 2878 1894 2935 quaestionibus
1926 2877 2016 2920 illia

442 2974 466 3014 ¹)
495 2975 583 3007 Don.
611 2974 653 3007 ad
678 2975 787 3009 Andr.
813 2974 895 3010 301.
946 2973 1034 3020 quid
1058 2973 1116 3010 ais
1145 2970 1356 3020 Burnum]
1402 2973 1456 3019 (ὃ)
1483 2975 1624 3007 miratur
1649 2973 1756 3016 magis
1783 2982 1884 3015 quam
1907 2971 2013 3005 inm-

299 3037 407 3072 rogat,
434 3034 485 3064 vel
512 3034 626 3074 potius
653 3035 857 3076 indignatur.
