2112 3496
968 353 1261 396 -75-

260 476 463 528 exprimit
493 475 630 516 verbo
664 474 934 528 adprendere,
968 475 1125 534 ἀφιέναι
1155 487 1193 514 v.
1226 473 1448 529 dimittere,
1483 474 1653 515 Terent.
1688 478 1872 535 κατέχειν
1896 487 1969 516 ex-

260 548 406 600 primit
442 546 578 587 verbo
616 546 806 595 retinere,
847 547 1004 605 ἀφιέναι
1035 559 1073 585 v.
1107 546 1310 587 amittere.
1377 549 1419 585 et
1450 545 1661 587 dimittere
1693 550 1736 586 et
1766 546 1969 596 amittere,

261 622 485 671 utrumque
526 618 642 658 bene
690 618 895 670 exprimit
938 617 1153 659 Graecum
1198 618 1372 677 ἀφιέναι;
1420 617 1500 658 sed
1542 622 1728 677 κατέχειν
1771 615 1843 658 hic
1880 629 1971 658 non

259 690 374 730 valet
405 689 673 743 adprendere,
708 690 807 742 quia
838 686 974 728 homo
1008 689 1092 728 iam
1125 692 1245 728 tenet
1277 687 1448 729 auribus
1481 688 1644 741 lupum,
1677 688 1759 729 sed
1778 688 1969 739 retinere,

261 774 316 800 ne
350 759 566 801 morsibus
598 760 823 801 laceretur.

946 856 985 896 4.
1021 854 1086 909 (=
1112 854 1167 896 19
1201 854 1284 908 K.).

614 943 736 999 μόνος
767 943 894 1000 φιλεῖν
931 935 1059 998 (γὰρ)
1095 943 1193 991 τοὺς
1223 941 1364 999 φίλους
1393 941 1617 982 ἐπίσταται.

400 1035 500 1074 Ter.
534 1033 708 1081 Phorm.
743 1048 782 1079 v,
813 1033 914 1076 5612.
978 1031 1176 1086 Antipho
1209 1033 1470 1074 adulescens
1503 1033 1638 1075 Getae
1661 1031 1969 1074 Phormionem

260 1105 341 1146 sibi
374 1106 615 1146 adiutorem
650 1106 878 1159 expetenti
909 1104 1020 1146 haec
1053 1105 1175 1146 dicit:
1805 1108 1807 1110 ’

746 1177 862 1219 solus
894 1180 954 1218 est
985 1175 1103 1218 homo
1135 1177 1270 1218 amieo
1303 1177 1478 1219 amicus.

262 1249 458 1289 Donatus
491 1247 619 1290 haec:
653 1248 767 1291 solus
798 1263 830 1291 e.
864 1248 903 1290 h.
937 1263 977 1291 a.
1011 1247 1076 1304 a.]
1108 1246 1434 1302 Apollodorus:

700 1322 820 1380 μόνος
851 1323 1066 1364 ἐπίσταται
1097 1323 1222 1380 φιλεῖν
1252 1324 1347 1372 τοὺς
1378 1323 1529 1380 φίλους.
1591 1320 1594 1322 ’

402 1392 597 1445 Guyetus
635 1392 773 1433 verbo
811 1395 1025 1436 ἐπίσταται
1061 1393 1104 1432 in
1143 1392 1291 1432 ultima
1321 1404 1471 1432 versus
1503 1391 1611 1432 sede
1643 1391 1838 1444 reposito
1870 1395 1974 1443 post

261 1468 385 1525 φιλεῖν
428 1465 606 1504 inseruit
647 1467 740 1524 γάρ,
787 1464 906 1516 quod
946 1463 1001 1503 ad
1039 1462 1185 1503 locum
1224 1462 1532 1503 Terentianum
1572 1463 1739 1516 optime
1777 1461 1970 1515 quadrat.

261 1548 359 1575 nam
405 1535 507 1575 ideo
553 1536 814 1576 adulescens
859 1536 1092 1588 parasitum
1139 1534 1436 1583 commendat,
1483 1535 1581 1587 quia
1625 1534 1716 1575 eius
1759 1533 1971 1575 amicitiae

261 1607 400 1660 magis
432 1620 559 1660 quam
595 1608 699 1647 alius
733 1609 986 1659 cuiusquam
1019 1605 1208 1647 hominis
1241 1604 1434 1646 confidit.
1862 1603 1865 1606 ’

942 1726 982 1770 5.
1017 1725 1089 1779 (=
1113 1724 1172 1766 20
1203 1724 1291 1778 K).

1434 1812 1480 1858 sst
1518 1807 1683 1863 <νόσος>

541 1885 591 1926 τὸ
622 1886 752 1942 γῆράς
784 1885 894 1927 ἐστιν
927 1884 1042 1926 αὐτό.

401 1977 500 2018 Ter.
536 1975 709 2018 Phorm.
743 1990 810 2017 vv,
844 1977 932 2018 574
951 1989 1014 2029 sq.
1079 1974 1290 2018 Chremes
1322 1989 1462 2017 senex
1496 1973 1766 2028 Demiphoni
1786 1976 1972 2029 roganti,

263 2060 337 2088 cur
369 2052 454 2088 tarn
489 2049 560 2088 diu
594 2048 751 2088 Lemni
783 2049 837 2088 sit
869 2053 1072 2097 moratus,
1106 2046 1218 2089 haec
1248 2048 1507 2101 respondet:

369 2119 444 2172 pol
475 2133 539 2162 me
569 2119 750 2162 detinuit
781 2119 961 2162 morbus.
1024 2116 1114 2176 ille]
1148 2118 1271 2168 unde,
1306 2122 1382 2161 aut
1413 2116 1515 2171 qui?
1547 2115 1664 2175 Chr.]
1697 2115 1856 2173 royas?

377 2194 564 2234 senectus
595 2192 731 2243 ipsast
761 2190 940 2233 morbus.

263 2262 316 2301 ad
349 2260 459 2302 haec
491 2262 546 2305 cf.
581 2263 825 2303 Donatum:

430 2337 619 2377 senectus
649 2335 745 2386 ipsa
776 2347 830 2375 m.
865 2332 924 2389 e.]
957 2332 1282 2387 Apollodorus:
1315 2336 1364 2377 τὸ
1395 2337 1525 2392 γῆράς
1554 2334 1663 2377 ἐστιν
1694 2333 1809 2376 αὐτό.

402 2408 450 2449 τὸ
472 2409 600 2464 γῆράς
621 2408 730 2450 ἐστιν
751 2408 855 2450 αὐτὸ
885 2403 1095 2465 <νόσημα>
1122 2403 1305 2445 exhibet
1327 2404 1396 2446 ed.
1420 2405 1647 2458 princep83
1670 2403 1752 2444 sed
1768 2400 1973 2455 rhythmo

263 2475 480 2527 dactylico
517 2479 621 2534 α-ὐτρ
651 2474 656 2533 Ι
684 2480 844 2536 wgo-rum
880 2475 1003 2516 verbi
1035 2474 1119 2516 fine
1151 2476 1342 2517 lacerato
1374 2474 1629 2517 foedissime
1661 2478 1766 2516 nota
1794 2474 1868 2515 illa
1897 2473 1975 2514 lex

263 2547 441 2587 metrica
487 2548 682 2590 laeditur.
746 2548 829 2588 iam
877 2561 982 2588 vero
1031 2548 1188 2588 eadem
1236 2546 1371 2588 verba
1417 2547 1511 2588 sine
1562 2546 1748 2588 auctoris
1794 2545 1974 2587 nomine

266 2617 430 2658 Hensio
462 2623 572 2659 teste
607 2623 782 2660 exstant
812 2620 855 2660 in
878 2618 1098 2660 Vossiano
1131 2618 1232 2661 cod.
1267 2617 1449 2660 Stobaei
1479 2617 1554 2659 sol.
1587 2616 1673 2659 691
1703 2617 1747 2658 in
1778 2615 1973 2670 margine

263 2700 380 2741 supr.
404 2702 460 2730 m.
483 2690 511 2730 ὃ
534 2689 715 2744 (Kock).
765 2690 1042 2731 statuendum
1065 2690 1144 2730 erit
1165 2690 1238 2730 illa
1258 2688 1392 2730 verba
1413 2702 1438 2730 a
1457 2689 1759 2731 recentissimo
1781 2686 1975 2742 quodam

262 2772 344 2799 nec
367 2760 467 2800 satis
491 2773 768 2801 numerorum
791 2761 933 2815 perito
957 2759 1135 2802 homine
1157 2760 1447 2814 suprascripta
1463 2760 1625 2802 nullam
1642 2758 1779 2801 fidem
1794 2757 1973 2800 habere.
2052 2758 2065 2817 'J

264 2830 397 2871 immo
441 2828 607 2887 (νόσος)
652 2833 693 2872 in
733 2831 819 2872 fine
858 2846 896 2873 v.
930 2832 1236 2885 praecedentis
1274 2832 1499 2882 exstiterit,
1532 2830 1605 2885 ibi,
1638 2830 1712 2872 ubi
1742 2829 1975 2872 Terentius

262 2902 407 2953 posuit
436 2902 604 2957 royas.2‚
637 2904 758 2956 quod
791 2905 883 2944 eius
911 2904 1079 2945 videtur
1100 2904 1338 2957 proprium.
1393 2916 1492 2944 nam
1515 2903 1614 2958 quia
1635 2901 1769 2944 verba
1787 2903 1975 2945 senodum
2047 2924 2055 2932 ·

262 2972 398 3024 atysast
428 2974 598 3016 morbus
628 2974 814 3015 totidem
847 2975 1043 3027 syllabae
1067 2980 1201 3030 erant,
1224 2980 1332 3028 quot
1352 2973 1623 3028 Apollodori
1643 2976 1693 3018 τὸ
1713 2975 1845 3033 γῆράς
1863 2973 1974 3016 ἂστυ
2042 2951 2057 2978 ξ’

264 3045 378 3096 αὐτὸ,
412 3044 535 3084 locus
567 3045 688 3084 verbi
720 3048 838 3097 νόσος
870 3045 1003 3086 fiebat
1035 3058 1215 3099 vacuus;
1249 3046 1308 3086 ibi
1340 3045 1487 3099 posuit
1515 3043 1670 3099 royas?
