2112 3496
1010 338 1303 382 -36—

611 456 675 501 A.
708 455 957 501 Eunuchi
990 454 1359 501 Menandreae
1391 453 1714 512 fragmenta.

446 531 664 579 Meineke,
698 529 900 570 Menand.
937 535 979 570 et
1011 528 1190 570 Philem.
1220 542 1327 582 pgg.
1369 528 1565 578 67-69;
1600 528 1793 578 Grauert,
1826 529 2010 571 analect.

304 600 692 656 pgg.147—173;
734 601 876 650 Kock,
911 613 1026 641 com.
1061 600 1150 641 Att.
1185 599 1230 642 fr.
1265 600 1321 640 III
1354 612 1460 653 pgg.
1494 598 1685 642 53—56.

966 696 1005 736 1.
1041 695 1114 750 (=
1147 694 1230 737 186
1263 694 1348 749 Κ.).

646 769 758 811 ἀλλὰ
788 771 828 811 τί
859 770 1014 822 ποήσω;
1054 764 1134 827 <μὴ
1164 768 1382 826 προσέλὸω
1416 769 1521 826 μηδὲ
1550 773 1618 810 νῦν

647 841 773 894 αὐτῆς
802 837 1059 894 καλούσης>;

447 923 544 963 Ter.
579 922 686 962 Eun.
721 935 758 961 v.
779 921 848 963 46.
893 920 1102 962 Phaedria
1140 919 1399 963 adulescens
1438 934 1462 961 a
1498 919 1667 961 Thaide
1701 920 1907 962 exclusus
1950 921 2012 961 in-

306 995 410 1047 cipit
442 995 524 1034 sic:

577 1065 679 1117 quid
708 1065 842 1118 igitur
873 1063 1069 1118 faciam?
1099 1077 1183 1107 non
1213 1077 1305 1106 eam
1335 1078 1385 1106 ne
1415 1077 1528 1106 nunc
1559 1063 1738 1117 quidem,

579 1149 701 1189 quom
733 1149 921 1178 accersor
951 1134 1093 1178 ultro?
1123 1149 1181 1177 an
1206 1137 1354 1189 potius
1386 1168 1395 1177 .
1431 1167 1440 1177 .
1476 1166 1485 1177 .

306 1207 461 1261 quibus
494 1208 624 1248 adicit
656 1209 853 1248 Donatus
886 1206 1014 1248 haec:

306 1279 408 1334 quid
437 1281 466 1322 i.
499 1278 559 1334 fi]
592 1279 853 1319 Menander:
888 1281 1000 1323 ἀλλὰ
1030 1282 1071 1323 τί
1100 1283 1272 1335 ποιήσω
1306 1276 1407 1319 hinc
1427 1277 1649 1331 Vergilius
1673 1275 1804 1330 (Aen.
1827 1276 1890 1318 IV
1905 1276 2014 1329 534)

305 1351 398 1394 hem
428 1351 532 1405 quid
562 1347 720 1405 aqam?
752 1350 816 1406 (7)
849 1364 932 1393 non
963 1364 1056 1393 eam
1086 1365 1138 1393 ne
1167 1364 1278 1393 nune
1309 1348 1529 1403 quidem?]
1569 1362 1654 1391 non
1689 1345 1811 1391 eam?
1846 1347 2014 1389 Probus

308 1423 547 1476 distinguit3
582 1423 778 1475 iungunt,
811 1423 883 1475 qui
915 1423 1158 1463 secundum
1191 1421 1422 1462 Menandri
1455 1420 1712 1474 exemplum
1743 1419 1908 1474 legunt.

449 1494 625 1534 Terenti
655 1493 791 1534 verba
822 1494 1008 1534 imitatus
1042 1498 1108 1534 est
1139 1493 1344 1534 Horatius
1377 1505 1504 1533 serm.
1539 1491 1575 1532 ΙΙ
1607 1490 1649 1541 3,
1682 1489 1783 1533 262.
1817 1489 1865 1533 3:

1020 1564 1110 1607 Nec
1139 1578 1264 1615 nunc,
1297 1578 1390 1606 eum
1422 1577 1486 1605 me
1515 1566 1634 1606 vocat
1664 1562 1790 1616 ultro,

581 1633 803 1679 accedam?
834 1651 891 1679 an
919 1637 1062 1689 potius
1092 1670 1101 1678 .
1136 1668 1144 1677 .
1179 1668 1187 1677 .
1222 1668 1230 1685 ‚

311 1708 478 1749 Persius
511 1713 654 1748 autem
687 1713 762 1749 sat.
795 1706 947 1757 5,172:

452 1779 655 1832 quidnam
686 1779 819 1834 iyitur
850 1777 1044 1832 faciam?
1073 1791 1148 1822 nee
1178 1791 1303 1832 nune,
1336 1791 1429 1820 cum
1460 1781 1644 1820 arcessat
1675 1779 1714 1819 et
1742 1774 1855 1819 ultro

450 1850 669 1903 supplicet,
703 1848 930 1892 accedam?

311 1921 424 1962 hunc
455 1922 602 1962 locum
634 1936 655 1964 e
685 1920 921 1964 Menandri
952 1920 1160 1964 Eunucho
1195 1921 1342 1974 traxit,
1377 1926 1421 1961 ut
1452 1921 1510 1961 ait
1540 1917 1744 1961 scholion
1776 1919 1833 1960 ad
1854 1932 1893 1960 v,
1919 1918 2016 1960 161.

312 1998 502 2046 uterque,
536 1998 581 2033 ut
611 1993 792 2042 videtur,
825 2006 976 2034 versus
1009 1993 1109 2033 illos
1141 1993 1246 2033 initii
1282 1990 1481 2033 Eunuchi
1521 1990 1818 2032 Menandreae
1855 2002 2017 2044 reppe-

311 2069 422 2104 rerat
454 2065 608 2105 citatos
641 2065 681 2105 in
721 2064 903 2105 diatriba
940 2065 1141 2118 quadam.
1203 2062 1359 2118 quibus
1400 2062 1606 2104 omnibus
1644 2063 1772 2103 nixus
1810 2060 2017 2103 Meineke

312 2134 492 2188 pulchre
527 2136 755 2177 Menandri
787 2136 1011 2177 frustulum
1044 2138 1155 2181 ἀλλὰ
1187 2139 1227 2181 τί
1262 2139 1420 2192 milo-(03
1454 2135 1524 2188 (=
1547 2134 1684 2178 Peric.
1716 2131 1825 2188 399)
1865 2132 2019 2185 ampli·

313 2206 454 2247 ficavit
484 2206 628 2248 verbis
661 2212 714 2268 μὴ
745 2210 958 2268 προσέλὸοω
991 2211 1095 2269 μηδὲ
1125 2215 1190 2252 νῦν
1221 2210 1348 2263 αὐτῆς
1378 2208 1604 2262 καλούσηςς
1645 2205 1855 2247 incautius
1887 2203 2020 2246 Kock

314 2278 420 2318 ultra
451 2291 673 2320 caesuram
706 2281 980 2340 πενῦημιμερῆ
1014 2279 1135 2320 addit
1165 2278 1295 2320 haec:
1339 2280 1622 2339 χίκετευούσης
1659 2280 1743 2337 ἐμέ,
1785 2275 1908 2331 quod
1945 2288 2019 2317 ve-

313 2354 420 2389 tatur
453 2355 493 2390 et
526 2350 732 2391 Terentio
767 2356 810 2391 et
841 2351 1038 2399 Horati0‚
1074 2363 1173 2391 nam
1197 2350 1387 2391 Persium
1412 2354 1594 2404 apparet
1617 2348 1809 2403 simplex
1829 2345 2020 2389 vocandi

313 2420 491 2460 verbum
526 2435 605 2462 suo
640 2422 814 2462 arbitrio
849 2423 1021 2466 auxisse
1057 2422 1203 2462 addita
1233 2422 1567 2475 supplicatione.

980 2516 1018 2558 2.
1075 2537 1120 2550 =
1154 2516 1234 2558 187
1269 2516 1355 2561 Κ..

669 2592 720 2647 μὴ
754 2591 963 2648 ὓεομάχει,
997 2516 1101 2647 μηζδὲ
1131 2515 1342 2648 προσάγου)
1371 2596 1428 2646 τῷ
1461 2590 1670 2647 πράγματι

668 2668 864 2719 χειμῶνας
894 2661 1067 2719 ἑτέρους,
1101 2663 1195 2712 τοὺς
1229 2661 1475 2718 ἀναγκαίους
1506 2662 1612 2720 φέρε.
2108 2703 2112 2717 3

458 2740 580 2781 affert
623 2741 839 2783 Stobaeus
885 2742 978 2784 flor.
1029 2741 1205 2791 108,46:
1254 2745 1485 2803 Μενάνδρου
1528 2744 1737 2802 Εὐνούχῳ·
1783 2742 1877 2785 κτλ.
1921 2742 2023 2780 sunt
2107 2740 2112 2789 f

317 2810 448 2850 verba
481 2811 759 2854 Parmenonis
792 2814 903 2855 servi
937 2827 995 2855 ex
1026 2814 1182 2855 eadem
1222 2826 1380 2854 scaena
1417 2819 1601 2867 sumpta,
1641 2825 1753 2866 quae
1790 2810 2021 2852 Terentius
2100 2843 2102 2846 .

321 2882 422 2921 liun.
459 2896 493 2921 ν.
532 2882 598 2923 77.
634 2886 659 2924 ὅ
693 2886 910 2937 expressit
941 2886 1023 2927 sic:

599 2968 726 3006 neque
754 2955 1047 3009 praeterquam
1080 2970 1186 3009 quas
1219 2957 1307 3008 ipse
1337 2968 1456 2997 amor
1488 2954 1699 2998 molestias

600 3025 719 3067 habet
750 3027 897 3077 addas,
932 3032 968 3069 et
1001 3028 1098 3070 illas
1128 3042 1234 3081 quas
1266 3028 1400 3081 habet,
1431 3030 1539 3070 reete
1568 3026 1699 3080 feras.
