2112 3496
1029 324 1319 367 ...50-

390 446 429 488 2.
464 446 622 486 Donat.
649 458 683 486 a.
710 445 814 484 Eun.
841 445 910 485 26.
952 444 1143 497 parasiti
1166 457 1394 496 personam
1426 443 1524 485 inde
1555 443 1744 486 ablatam
1770 442 1825 495 (et
1846 439 2026 499 milibis)]

462 523 505 558 et
536 516 622 558 hoc
655 517 779 556 mire:
813 529 915 556 non
946 528 1126 556 versus
1159 514 1306 564 obicit,
1341 515 1432 556 sed
1465 527 1740 568 personam
1773 526 1871 555 esse
1892 519 2028 555 trans-

459 589 601 633 latam,
666 588 769 640 quid
802 587 969 628 stultius
1002 591 1073 627 aut
1104 587 1413 628 calumniosius
1446 587 1532 626 dici
1564 590 1733 640 potest?

387 659 426 702 3.
457 659 514 700 id.
540 673 574 702 a.
597 659 704 700 Eun.
729 657 828 700 507.
872 656 1077 714 profecto]
1111 657 1222 699 haec
1255 656 1528 713 (Chremetis)
1561 671 1753 711 persona
1784 661 1902 715 apud
1934 660 2027 702 Me·

459 731 671 771 nandrum
706 730 999 771 adulescentis
1031 730 1177 770 rustici
1210 734 1288 771 est.

387 802 425 843 4.
459 803 515 843 id.
550 816 585 843 a.
610 800 806 842 Eunuch.
830 800 930 843 539.
980 800 1040 855 (1)
1072 800 1177 857 heri]
1210 802 1254 842 in
1286 800 1373 842 hoc
1405 802 1639 855 proloquio
1673 803 1902 844 insinuatio
1934 804 2027 844 eius

458 879 535 923 est,
570 874 638 914 cui
662 878 903 914 narraturus
927 877 993 914 est
1020 871 1227 922 Chaerea,
1261 886 1372 926 quae
1406 887 1430 914 a
1451 886 1498 914 se
1531 878 1635 927 post
1665 886 1868 915 scaenam
1901 880 2029 928 gesta

456 950 567 987 sunt.
599 970 658 974 —
690 945 748 999 (3)
773 944 890 985 bene
923 945 1098 985 inventa
1130 958 1320 998 persona
1351 950 1430 994 est,
1464 946 1533 986 cui
1565 950 1707 986 narret
1729 943 1936 996 Chaerea,
1970 959 2027 987 ne

458 1028 566 1056 unus
599 1017 671 1056 diu
704 1015 917 1069 loquatur,
951 1021 996 1056 ut
1028 1016 1144 1069 apud
1178 1015 1469 1057 Menandrum
1501 1015 1606 1070 (scil.
1641 1018 1683 1057 in
1715 1015 1959 1072 Eunucho).

386 1086 424 1129 5.
457 1087 514 1128 id.
545 1101 580 1128 a.
611 1085 806 1128 Eunuch.
831 1086 931 1128 971.
980 1100 1030 1128 ex
1055 1099 1142 1129 meo
1165 1088 1407 1142 propinquo
1435 1086 1547 1144 rure]
1577 1088 1875 1129 adnotandum
1906 1089 2027 1142 quod

459 1157 583 1198 huius
616 1159 733 1198 senis
766 1171 928 1198 nomen
953 1158 1070 1210 apud
1093 1158 1346 1198 Terentium
1368 1172 1457 1199 non
1479 1163 1564 1201 est:
1598 1160 1715 1213 apud
1736 1158 2025 1201 Menandrum

456 1228 605 1272 Simon
638 1229 805 1270 dicitur.
1046 1217 1049 1222 ’

456 1301 635 1342 maximi
673 1301 886 1342 momenti
924 1300 967 1340 in
1007 1299 1221 1341 Eunucho
1258 1301 1481 1342 tractanda
1519 1306 1593 1342 est·
1622 1303 1819 1355 quaestio
1857 1302 1931 1343 illa
1968 1303 2025 1343 de

314 1373 488 1426 parasiti
521 1378 565 1413 et
595 1372 741 1413 militis
773 1372 985 1425 personis.
1032 1373 1275 1425 repetenda
1305 1373 1445 1426 igitur,
1478 1386 1588 1426 quae
1609 1372 1776 1427 profert
1796 1373 2026 1416 Terentius

315 1449 360 1485 ut
392 1444 536 1485 Luscii
570 1444 706 1498 iurgia
736 1444 848 1497 prol.
882 1457 949 1484 vv,
983 1442 1040 1485 23
1058 1457 1153 1497 sqq.

597 1515 806 1558 emolamat
836 1515 990 1571 farem,
1022 1529 1107 1558 non
1134 1519 1300 1570 poetam
1331 1515 1526 1569 fabulam

597 1586 771 1640 dedisse,
805 1591 843 1629 et
874 1587 938 1630 nil
967 1588 1129 1630 dedisse
1158 1587 1375 1630 verborum
1408 1593 1565 1630 tamen:

598 1657 788 1702 Colacem
820 1672 906 1702 esse
937 1659 1074 1702 Naevi
1103 1663 1143 1702 et
1174 1657 1324 1701 Plauti
1353 1662 1525 1702 veterem
1556 1659 1766 1714 fabulam,

593 1731 781 1783 parasiti
806 1744 1033 1784 personam
1063 1730 1165 1773 inde
1194 1730 1383 1773 ablatam
1414 1734 1453 1773 et
1483 1731 1645 1774 militis.

311 1799 396 1842 huc
418 1802 595 1855 respicit
617 1801 756 1843 schol.
781 1803 897 1844 Don.
920 1815 954 1844 a.
979 1802 1087 1844 Eun.
1111 1801 1209 1844 228.
1241 1801 1310 1844 hic
1331 1802 1496 1855 quidem
1518 1806 1578 1846 est
1593 1803 1816 1857 parasitus
1837 1799 2023 1860 Gnatho]

311 1871 421 1914 haee
454 1874 571 1926 apud
602 1873 890 1915 Menandrum
924 1875 965 1914 in
989 1872 1202 1915 Eunucho
1234 1886 1323 1914 non
1355 1879 1464 1922 sunt,
1499 1879 1544 1915 ut
1574 1875 1669 1927 ipse
1701 1873 1927 1928 professus
1959 1879 2026 1916 est

309 1943 365 1998 (v,
391 1943 464 1998 25)
490 1946 681 1998 parasiti
707 1958 931 1999 personam
963 1949 1003 1987 et
1033 1945 1196 1998 militis,
1229 1945 1310 1986 sed
1342 1945 1398 1985 de
1422 1945 1585 1987 Colace
1607 1945 1811 1987 translata
1831 1950 1943 1987 sunt.
1963 1969 2024 1975 —

310 2028 421 2067 quae
453 2016 587 2056 verba
609 2017 720 2057 ultro
744 2017 936 2058 clamant
957 2017 1147 2058 fabulam
1173 2017 1314 2070 ipsam
1337 2030 1427 2057 non
1449 2030 1547 2057 esse
1570 2018 1813 2071 inspectam
1835 2029 1860 2058 a
1879 2030 2023 2072 gram·

312 2087 485 2136 matico,
519 2088 599 2128 sed
638 2089 680 2128 in
712 2089 890 2142 prologi
922 2089 1068 2130 verbis
1098 2101 1197 2142 par.
1232 2100 1345 2140 pers.
1377 2088 1477 2131 inde
1508 2088 1695 2131 ablatam
1725 2091 1764 2131 et
1793 2087 1883 2131 mil.
1921 2102 2019 2131 eum

310 2159 587 2211 requievisse.
637 2161 718 2200 sed
751 2161 1028 2214 acceperitne
1061 2165 1180 2201 recte
1212 2160 1285 2201 illa
1316 2160 1463 2208 verba,
1498 2161 1555 2201 de
1580 2159 1666 2202 hoc
1688 2146 1790 2202 licet
1810 2160 2021 2209 dubitare,

308 2230 343 2269 si
376 2242 474 2270 cum
507 2229 595 2271 hoc
627 2244 857 2284 comparas
890 2233 1071 2272 alterum
1105 2229 1309 2273 scholion
1342 2231 1398 2272 ad
1425 2231 1535 2275 Eun.
1558 2231 1751 2277 ⁴261test.
1773 2231 1836 2285 2):
1870 2236 1914 2273 et
1934 2230 2023 2274 hoc

311 2302 436 2344 mire:
470 2315 558 2342 non
590 2316 734 2346 versus
755 2302 903 2359 obicit,
937 2303 1019 2344 sed
1048 2315 1275 2358 personam
1297 2316 1395 2343 esse
1417 2303 1679 2344 translatam.
1727 2303 1831 2357 quid
1853 2303 2021 2344 stultius

309 2378 379 2412 aut
396 2373 704 2415 calumniosius
723 2375 808 2416 dici
826 2378 995 2428 potest?
1042 2375 1162 2428 quod
1180 2373 1272 2415 fieri
1289 2388 1378 2415 non
1396 2379 1543 2428 potest
1564 2375 1664 2428 quin
1690 2375 2022 2428 interpretemur

309 2444 390 2484 sic:
431 2457 475 2484 re
510 2459 610 2486 vera
641 2446 870 2487 Terentius
909 2460 998 2487 non
1031 2458 1244 2499 personas
1276 2447 1500 2494 transtulit,
1540 2446 1620 2487 sed
1658 2458 1807 2487 versus
1837 2450 2020 2488 tantum-

309 2515 444 2555 modo
474 2516 637 2557 illarum
661 2530 959 2569 personarum.
992 2542 1051 2547 —
1083 2517 1164 2558 sed
1197 2517 1281 2558 iam
1314 2531 1372 2558 ex
1401 2516 1546 2558 fabula
1566 2516 1827 2558 Terentiana
1848 2517 2021 2571 perqui-
2096 2567 2098 2570 .

308 2585 490 2625 rendum
531 2593 608 2636 est,
649 2601 751 2629 rene
784 2602 887 2629 vera
918 2588 1019 2630 illae
1053 2601 1270 2642 personae
1304 2588 1358 2629 ab
1392 2586 1605 2629 Eunucho
1640 2587 1909 2630 Menandrea
1937 2602 2019 2642 po·

307 2657 463 2697 tuerint
505 2658 674 2699 abesse.
739 2660 782 2700 in
824 2660 944 2702 initio
987 2658 1312 2702 Chaerestratus
1355 2673 1379 2700 a
1423 2658 1637 2712 Chryside
1681 2664 1772 2701 erat
1814 2659 2019 2701 exclusus
2091 2697 2096 2700 ,

308 2730 421 2781 (test.
460 2729 515 2781 1).
566 2743 648 2781 qua
681 2731 736 2771 de
769 2744 912 2785 causa,
946 2734 1134 2785 quaeso?
1183 2743 1331 2772 nonne
1365 2731 1424 2772 ob
1458 2731 1676 2772 aemulum
1707 2731 1783 2772 illo
1815 2730 1914 2785 ipso
1946 2730 2018 2772 die

308 2811 332 2837 a
363 2797 575 2851 Chryside
608 2802 719 2841 ultro
753 2807 969 2851 vocatum,
1005 2808 1049 2843 ut
1080 2807 1358 2856 recuperaret
1388 2802 1727 2844 collactaneam?
1788 2802 2017 2844 ridiculum
2090 2798 2092 2803 ’

307 2869 360 2909 sit
393 2870 510 2911 illum
545 2871 715 2913 fabulae
755 2873 947 2915 defuisse
986 2874 1204 2915 conicere.
1269 2874 1464 2915 aemulus
1497 2871 1784 2915 Chaerestrati
1816 2872 2018 2928 Chrysidi

308 2940 541 2982 donaturus
582 2949 670 2983 erat
711 2945 924 2998 virginem
964 2944 1198 2987 fidicinam.
1263 2946 1383 2986 illum
1429 2951 1472 2986 ut
1509 2945 1715 2994 vinceret,
1755 2943 2017 2987 adulescens
2076 2970 2079 2974 ›

308 3011 541 3052 donaturus
567 3020 656 3054 erat
685 3015 943 3060 eunuchum.
976 3030 1000 3057 a
1021 3030 1108 3069 quo
1132 3015 1520 3058 fabulae-Graecae
1542 3029 1718 3069 quoque
1741 3020 1833 3057 erat
1851 3028 2015 3058 nomen
2072 3014 2075 3015 ⁷
