2112 3496
825 318 1120 361 -11-

116 436 275 493 aperii-
298 436 371 479 vel
404 437 551 491 potius
583 436 988 479 exclamationibus.
1050 450 1158 491 ergo
1190 437 1226 478 si
1259 437 1408 479 Davus
1438 437 1693 491 interrogat:
1724 435 1828 491 quid

115 518 226 553 m*
245 507 423 553 audiam
446 506 517 563 (=
543 512 586 553 τί
603 504 696 554 ποτ’
718 508 996 564 homnem),
1028 522 1074 550 re
1095 521 1198 550 vera
1218 509 1397 563 quaerit,
1429 520 1541 562 quae
1563 507 1686 550 brevi
1707 508 1828 550 audi-

114 585 235 623 tum·
264 585 333 622 est
362 591 561 634 quaeque
585 580 779 620 nondum
802 580 905 634 scit3
938 585 1056 621 recte
1078 580 1206 634 igitur
1226 585 1446 634 ponuntur
1467 579 1705 634 particulae
1725 592 1828 622 nam

116 657 164 695 et
178 647 294 699 ποτε.
328 652 365 693 si
386 664 536 693 servus
558 652 863 706 interrogaret:
892 651 996 705 quid
1015 664 1119 694 nam
1139 649 1310 701 audio?,
1339 650 1551 705 particula
1569 663 1673 694 nam
1691 650 1827 705 signi-

115 721 315 767 florem
357 724 660 777 quaestionem
708 735 807 764 esse
853 723 1103 776 genuinam.
1171 723 1252 764 sed
1299 724 1395 776 quis
1437 735 1484 763 re
1529 735 1632 764 vera
1677 726 1828 776 potest

114 790 365 852 qjuaerere
396 795 479 836 sic:
512 793 617 848 quid
647 790 808 837 audio?
838 794 918 835 nisi
951 793 1253 835 elleborosus?
1285 807 1384 835 nam
1418 794 1491 848 qui
1523 794 1703 847 quaerit,
1735 806 1826 834 non

28 850 34 854 .
114 865 288 915 audivit,
327 866 489 919 quique
527 865 700 914 audivit,
740 878 828 906 non
866 866 1043 918 quaerit.
1107 866 1191 906 iam
1229 865 1353 907 vides
1389 864 1492 918 quid
1523 863 1636 919 (eqo)
1667 862 1827 907 audio?

112 948 293 992 semper
322 949 422 978 esse
453 937 753 990 quaestionem
788 936 1132 987 exclamationis,
1166 937 1209 977 in
1241 949 1325 990 qua
1356 935 1535 990 perferri
1565 949 1656 976 non
1675 939 1826 989 potest

111 1007 324 1063 particula
359 1021 472 1051 nam.
538 1020 646 1060 ergo
678 1007 908 1048 Terentius
940 1021 1113 1048 servum
1145 1006 1271 1049 finxit
1302 1013 1374 1049 aut
1403 1012 1686 1060 quaerentem
1722 1006 1826 1060 quid

111 1091 217 1123 nom
251 1078 459 1123 audimus?
494 1079 687 1133 (secutus
730 1078 1039 1133 Menandrum)
1077 1084 1148 1120 aut
1184 1080 1455 1133 perterritum
1501 1071 1823 1134 exclamantem

112 1150 217 1206 quid
245 1163 319 1206 090
348 1149 501 1193 audio!
532 1150 612 1191 sed
645 1150 830 1203 primum
853 1163 955 1191 nam
977 1151 1143 1203 optime
1165 1151 1361 1203 traditur3
1394 1155 1485 1191 tum
1508 1163 1562 1191 ea
1581 1162 1691 1203 quae
1713 1146 1824 1189 haec

111 1220 248 1264 verba
283 1221 567 1276 praecedunt,
607 1234 696 1261 non
728 1226 827 1261 sunt
858 1222 971 1270 talia,
1005 1226 1049 1262 ut
1083 1222 1252 1263 Davum
1285 1227 1514 1275 tantopere
1552 1233 1737 1262 necesse
1769 1220 1825 1260 sit

111 1292 372 1347 perturbari:
400 1305 530 1334 narro
552 1292 663 1346 huic,
685 1306 791 1346 quae
811 1296 858 1335 tu
881 1292 1042 1335 dudum
1063 1294 1254 1336 narrasti
1272 1292 1389 1335 mihi.
1437 1292 1654 1346 permulta
1675 1291 1823 1332 Davus

112 1364 297 1406 narravit
326 1365 435 1418 seni,
468 1377 578 1416 quae
612 1364 759 1405 omnia
789 1377 892 1405 num
925 1364 1160 1406 crediderit
1191 1364 1415 1414 Chremes,
1449 1365 1579 1405 etiam
1611 1364 1654 1404 in
1687 1362 1823 1404 dubio

113 1440 192 1477 est.
253 1447 385 1488 quare
423 1448 592 1484 servus,
632 1448 892 1488 quamquam
937 1450 1027 1477 non
1064 1436 1159 1477 sine
1197 1441 1404 1477 nascente
1442 1436 1616 1484 timore,
1659 1434 1826 1488 quaerit

112 1518 284 1548 secum:
317 1506 419 1559 quid
448 1520 550 1549 nam
580 1506 789 1549 audiam?
818 1512 908 1548 tum
940 1521 1100 1549 senex:
1131 1511 1307 1562 ynatam
1328 1510 1375 1550 ut
1396 1507 1464 1550 det
1484 1520 1570 1560 oro,
1601 1506 1750 1560 vixque
1775 1504 1824 1547 id

112 1589 248 1620 exoro.
318 1590 434 1618 nunc
479 1577 656 1618 demum
697 1578 844 1619 Davus
882 1591 1055 1619 summo
1094 1584 1258 1620 terrore
1302 1583 1551 1620 commotus
1589 1581 1824 1618 murmurat

112 1647 258 1701 occidi,
280 1661 362 1702 pro
385 1661 473 1701 quo
496 1646 583 1690 hoc
605 1649 781 1702 quidem
806 1650 908 1690 loco
932 1655 1085 1702 posset
1106 1656 1279 1691 exstare
1302 1650 1431 1690 etiam
1453 1649 1558 1703 quid
1577 1662 1650 1703 eqo
1669 1646 1824 1691 audio!

113 1741 171 1749 —-
202 1719 266 1761 sic
296 1719 429 1760 lectio
460 1719 591 1762 audio
622 1721 831 1773 particula
861 1734 960 1762 nam
998 1721 1105 1762 falsa
1136 1734 1234 1762 esse
1266 1721 1460 1762 vincitur.

791 1833 830 1877 7.
864 1833 932 1886 (=
971 1833 1029 1875 44
1063 1832 1150 1888 K).

610 1929 933 1965 ε-υ-σ-υ,
966 1913 1014 1955 ἂν
1047 1913 1143 1964 θεὸς
1174 1913 1298 1972 θέλῃ,

610 1983 685 2026 οὐκ
719 1983 768 2026 ἂν
799 1983 1024 2042 ἀπολοίμην
1056 1981 1173 2038 ἔ<τι>
1211 2015 1220 2023 .
1247 2013 1256 2022 .
1282 2014 1290 2022 ,

251 2073 352 2117 Ter.
386 2074 524 2116 Andr.
563 2089 603 2117 v.
643 2075 743 2117 611.
809 2076 956 2118 Davus
995 2076 1237 2131 Pamphilo,
1276 2078 1348 2131 qui
1387 2091 1411 2118 a
1448 2090 1578 2118 servo
1617 2075 1820 2118 consulto

108 2157 159 2186 se
189 2150 313 2199 putat
333 2147 375 2186 in
397 2148 568 2200 nuptias
591 2148 749 2188 invisas
772 2160 871 2189 esse
893 2149 1157 2198 coniectum,
1181 2154 1426 2203 conspecto
1449 2147 1560 2189 haec
1582 2147 1820 2188 exclamat:

168 2216 349 2270 posthac
378 2231 444 2260 me
474 2218 723 2261 incolumem
752 2222 822 2261 sat
851 2219 937 2263 scio
967 2220 1075 2274 sore,
1107 2233 1220 2263 nunc
1248 2220 1288 2262 si
1319 2220 1453 2263 devito
1485 2218 1561 2262 hoc
1588 2218 1760 2262 malum.

109 2287 166 2328 ad
197 2285 309 2329 haec
340 2294 516 2330 annotat
549 2290 767 2331 Donatus:

280 2357 340 2413 (4)
373 2358 616 2401 Menander
646 2361 730 2401 Sic:
778 2363 944 2415 ανῦεος,
977 2360 1108 2407 &ez-ho
1132 2371 1143 2381 “
1166 2380 1257 2418 mv,
1291 2379 1534 2422 αποασιμννε
1567 2394 1575 2402 .
1601 2393 1611 2403 .
1636 2394 1647 2404 .

253 2429 460 2471 Dziatzko
492 2431 538 2486 (1.
569 2444 606 2474 c.
641 2445 715 2485 pg.
740 2431 845 2487 238)
878 2434 920 2473 in
943 2435 1224 2475 annotatione
1247 2433 1357 2475 haec
1379 2434 1501 2475 dicit:
1536 2431 1695 2476 Hinter
1725 2431 1821 2475 dem

106 2502 241 2543 asem
261 2510 295 2546 c
314 2501 405 2544 und
424 2501 518 2544 dem
537 2503 710 2545 sweiten
733 2514 761 2547 Ν
791 2504 845 2546 ist
871 2517 952 2547 von
969 2504 1006 2558 j.
1030 2502 1090 2547 Η.
1112 2518 1183 2547 am
1204 2508 1357 2547 antem
1379 2503 1532 2547 Ranae
1550 2504 1627 2547 der
1647 2503 1763 2547 Zeile
1773 2502 1821 2556 je

106 2571 175 2613 εἰη
203 2569 362 2615 kleiner
391 2570 534 2615 Str-ich
562 2573 766 2628 yemacht.
825 2588 933 2628 ergo
965 2575 1098 2616 verba
1130 2578 1178 2620 ἂν
1199 2579 1296 2629 θεὸς
1327 2576 1438 2617 ultro
1461 2589 1510 2617 se
1532 2575 1671 2617 oculis
1692 2587 1818 2628 prae-

107 2641 215 2684 bent
244 2643 288 2683 in
319 2645 419 2685 cod.
450 2642 506 2685 A.
539 2645 619 2686 sed
651 2651 879 2698 praeterea
914 2647 957 2687 in
988 2647 1087 2688 cod.
1118 2647 1420 2688 Malatestiano
1453 2660 1478 2687 a
1509 2651 1659 2700 quarta
1690 2658 1820 2686 manu

107 2711 211 2767 (M⁴‚
243 2713 299 2756 cf.
331 2714 506 2757 Wessn.
539 2715 673 2769 praes.
709 2730 784 2770 pg.
817 2716 890 2771 21)
923 2716 1033 2759 haec
1065 2725 1164 2759 sunt
1195 2723 1352 2772 postea
1383 2718 1548 2760 addita:
1587 2720 1637 2762 ἂν
1669 2719 1689 2762 ὁ
1721 2718 1820 2769 θεὸς

106 2785 224 2847 θέλῃ,
255 2787 331 2831 οὐκ
361 2788 411 2830 ἂν
440 2788 678 2847 ἀπολοίμην.
741 2787 898 2841 quibus
930 2790 1192 2842 comparatis
1226 2795 1270 2830 ut
1295 2795 1414 2831 certa
1435 2794 1619 2842 possunt
1645 2787 1816 2841 colligi:

105 2856 156 2901 ἂν
191 2857 291 2910 θεὸς
326 2858 443 2919 θέλῃ.
506 2870 618 2912 quae
655 2856 824 2912 phrasis
855 2859 1083 2902 sollemnis
1114 2861 1190 2907 (de
1222 2874 1307 2914 qua
1338 2860 1392 2902 cf.
1427 2859 1624 2902 Lobeck.
1658 2858 1816 2911 Phr-yn.

105 2938 182 2980 pg.
216 2926 274 2984 7.)
321 2927 526 2982 frequens
564 2934 631 2971 est
661 2930 854 2971 clausula
885 2944 1087 2973 versuum
1119 2932 1410 2974 comicorum:
1458 2930 1534 2973 Ar.
1568 2944 1664 2985 pac.
1702 2928 1816 2974 1187

14 2997 18 3027 ἶ
105 2997 268 3040 claudit
303 3003 620 3054 tetrametrum3
667 3002 864 3043 eiusdem
903 3002 1009 3044 Plut.
1042 3001 1141 3045 347.
1177 3002 1306 3045 1188.
1353 3002 1534 3046 Alexid.
1573 3002 1623 3048 fr.
1655 3002 1741 3047 231
1775 3003 1818 3046 Κ
