2112 3496
995 361 1051 368 μ
1114 335 1170 379 82
1230 362 1290 368 -.

285 456 413 510 pauci
451 459 657 498 amatores
696 455 836 508 fideles
877 456 1070 497 eveniunt
1108 455 1424 499 meretricibus?
1474 455 1755 509 quibusnam?
1807 468 1991 510 quaero;

287 528 387 576 suis,
423 527 567 580 inquit.
631 527 712 567 sed
745 540 834 566 non
857 527 1107 567 necessario
1140 527 1196 568 ad
1218 532 1456 568 amatorem
1481 527 1751 570 desideratur
1771 527 1992 578 meretrix,

287 603 435 651 potest
467 599 594 638 etiam
628 598 752 651 virgo
785 603 856 639 aut
887 598 1052 640 mulier.
1116 599 1252 639 immo
1274 597 1362 640 hoc
1385 599 1507 639 dicit:
1537 599 1688 653 paucis
1706 597 1994 642 meretricibus

286 669 430 723 fideles
466 670 656 712 eveniunt
694 673 914 712 amatores.
985 671 1180 724 quinam?
1249 683 1351 710 suus
1388 671 1559 723 cuique.
1620 669 1691 711 hic
1728 683 1818 711 non
1854 670 1994 724 agitur

287 741 343 781 de
376 754 537 794 magno
570 740 639 780 vel
673 753 807 793 parvo
841 746 1079 782 amatorum
1113 754 1308 790 numero,
1347 765 1395 771 —
1431 741 1601 794 spurius
1633 741 1793 783 estille
1813 741 1992 796 pluralis

287 817 329 853 et
361 817 478 853 ortus
512 826 535 852 e
569 812 723 865 plurali
753 801 984 855 meretriees
1017 812 1084 866 (cf.
1118 827 1159 853 n.
1184 814 1296 866 sing.
1322 815 1510 873 ἐραστής)
1547 838 1614 862 -,
1648 813 1730 854 sed
1762 812 1819 854 de
1852 825 1991 854 mere-

285 885 435 924 tricum
470 896 651 923 numero
685 883 835 936 agitur,
869 896 1047 936 quarum
1080 889 1238 936 quotae
1271 885 1427 937 cuique
1459 883 1603 925 fidelis
1636 884 1806 926 eveniat
1826 888 1993 926 amator

286 957 354 1007 (=
385 958 406 1000 ὁ
437 955 640 1014 ἐραστής).
703 955 974 995 utilissimum
1005 961 1071 996 est
1101 968 1200 996 cum
1233 954 1321 997 hoc
1351 969 1477 997 versu
1498 954 1769 1010 Apollodori
1789 955 1990 997 consenc

285 1028 414 1067 alium
452 1026 685 1079 quendam,
735 1039 866 1080 quem
904 1027 1118 1068 transtulit
1154 1026 1356 1068 Afranius
1395 1028 1438 1068 in
1479 1027 1650 1080 Vopiseo
1697 1027 1782 1080 (vv.
1823 1025 1922 1070 378.
1961 1026 1990 1069 9

286 1099 357 1138 R2
388 1098 423 1138 11
457 1097 580 1150 213):
666 1085 669 1088 ’

667 1170 707 1212 si
728 1169 902 1223 pcissent
932 1169 1120 1212 ho'mines
1150 1169 1444 1212 delenimentis
1473 1171 1582 1223 capi,

642 1241 808 1284 omnes
838 1240 1035 1283 haberent
1067 1255 1181 1284 nanc
1210 1245 1420 1284 amatores
1451 1255 1591 1284 anus.

287 1314 326 1353 in
360 1313 516 1365 quibus
549 1326 688 1355 omnes
719 1317 763 1353 et
784 1326 894 1355 artus
915 1317 1015 1353 sunt
1035 1313 1303 1363 nominativi,
1326 1318 1372 1354 ut
1387 1315 1603 1355 sententia
1618 1314 1673 1354 sit
1687 1312 1816 1355 haec:
1849 1326 1991 1356 omnes

282 1398 393 1428 anas
422 1384 617 1427 haberent
648 1388 857 1427 amatores
891 1385 957 1434 (=
979 1387 1051 1429 τὸν
1082 1385 1293 1445 ἐραστήν);
1327 1398 1434 1426 non:
1469 1398 1581 1428 arms
1616 1385 1812 1428 haberent
1847 1397 1991 1429 omnes

282 1455 411 1511 (acc.)
443 1459 667 1498 amatores.
730 1455 774 1496 id
806 1457 933 1508 igitur
965 1456 1160 1511 verbum,
1197 1457 1316 1509 quod
1340 1457 1547 1510 exprimit
1566 1469 1794 1497 numerum
1815 1455 1988 1511 (omnes,

281 1526 460 1582 paucae)
494 1528 574 1568 nisi
607 1528 662 1568 ad
695 1527 877 1568 feminas
911 1541 997 1568 non
1031 1534 1149 1568 recte
1182 1527 1373 1569 refertur.
1439 1528 1627 1581 denique
1660 1528 1696 1569 si
1730 1528 1800 1569 cui
1836 1526 1988 1569 frustra

281 1599 430 1640 videar
462 1599 633 1640 locutus
667 1612 778 1648 esse,
814 1598 901 1639 hoc
934 1599 1150 1640 deliberet
1181 1612 1344 1652 quaeso
1378 1601 1492 1640 varia
1524 1599 1715 1641 lectione
1740 1611 1924 1653 paucos:

560 1684 639 1725 per
664 1670 739 1723 pol
770 1684 896 1723 quam
922 1684 1114 1725 paucos
1142 1672 1331 1723 reperias
1360 1671 1645 1713 meretricibus

563 1743 707 1796 fideles
737 1743 898 1785 evenire
918 1747 1140 1792 amatores,
1176 1741 1310 1798 Syra!

280 1820 414 1855 totam
447 1815 618 1868 periodi
651 1814 992 1855 concinnitatem
1025 1827 1049 1854 a
1079 1818 1214 1868 poeta
1244 1827 1414 1855 summa
1452 1826 1551 1855 cum
1590 1819 1678 1855 arte
1717 1813 1986 1855 elaboratam

281 1887 437 1927 misere
471 1885 627 1941 deleri3
661 1899 761 1926 nam
795 1886 883 1926 duo
916 1885 1051 1927 verba
1081 1886 1269 1939 reperias
1301 1891 1344 1926 et
1375 1886 1537 1928 evenire
1568 1885 1680 1927 binis
1708 1885 1880 1926 inclusit
1907 1897 1986 1925 no-

280 1957 471 1997 minibus
508 1958 663 2010 paucis
695 1989 703 1998 .
741 1990 747 1998 .
785 1989 792 1997 .
841 1957 1135 2000 meretricibus
1180 1963 1224 1998 et
1267 1957 1409 2009 fidelis
1441 1988 1449 1997 .
1485 1989 1494 1999 .
1529 1988 1538 1998 .
1573 1960 1792 1999 amatores.
1853 1968 1986 2010 quare

279 2027 388 2070 haec
421 2029 552 2069 lectio
586 2034 704 2069 recta
737 2034 802 2069 est
833 2029 946 2069 sola:

555 2113 635 2152 per
665 2099 734 2150 pol
765 2113 891 2153 quam
916 2101 1101 2152 paucis
1131 2099 1318 2154 reperias
1348 2098 1638 2141 meretricibus
1709 2147 1712 2150 Δ

560 2171 700 2223 fidelis
730 2172 890 2213 evenire
918 2174 1141 2218 amatores,
1174 2169 1308 2225 Syra!

421 2256 477 2283 ex
509 2241 597 2283 hoc
628 2242 874 2296 fragmento
908 2242 1128 2291 discimus,
1153 2242 1195 2282 ni
1217 2241 1356 2291 fallor,
1377 2246 1420 2283 et
1434 2242 1477 2282 in
1495 2241 1640 2282 fabula
1656 2240 1824 2284 Graeca
1837 2240 1983 2282 lenam

280 2314 641 2366 meretricemque
674 2313 804 2354 fuisse
839 2326 1052 2367 personas
1083 2314 1319 2367 protaticas
1352 2318 1396 2354 et
1431 2313 1684 2354 Terentium
1716 2311 1984 2366 exemplaris

278 2386 454 2426 nomina
485 2398 769 2438 personarum
803 2385 1018 2425 interdum
1051 2398 1140 2426 non
1173 2389 1375 2427 mutasse.
2050 2390 2054 2397 ‘

970 2490 1012 2532 2.
1046 2490 1116 2547 (=
1145 2492 1171 2533 9
1204 2490 1291 2544 K.).

635 2573 799 2635 <γύναι>
833 2577 880 2619 σύ
913 2592 964 2634 με
993 2577 1246 2619 παντάπασιν
1275 2576 1429 2634 ἥγησαι
1457 2576 1586 2619 λίθον.

417 2669 515 2710 Ter.
550 2670 661 2711 Hec.
694 2684 732 2711 v.
768 2669 866 2711 214.
930 2668 1101 2711 Laches
1133 2682 1272 2711 senex
1305 2670 1347 2710 in
1375 2668 1613 2711 Sostratam
1653 2668 1884 2722 coniugem
1916 2666 1981 2709 in·v

277 2739 443 2781 vehitur
474 2740 557 2782 his:

276 2844 283 2851 .
321 2845 327 2853 .
365 2844 373 2852 .
407 2814 465 2861 tu,
498 2814 686 2866 inquam,
719 2813 880 2862 mulier,
914 2812 1020 2866 quae
1035 2826 1100 2855 me
1115 2814 1284 2856 omnino
1300 2811 1497 2866 lapidem,
1515 2823 1600 2853 non
1615 2809 1824 2853 hominem
1830 2811 1978 2864 ptum

417 2883 631 2926 Donatus:
2036 2886 2039 2887 ⁷

415 2954 477 3007 (ὃ)
511 2968 593 2997 non
626 2955 832 2998 hominem
861 2953 939 3012 μ]
970 2955 1034 2996 sic
1065 2953 1389 3008 Apollodorus:
1428 2955 1477 2999 σύ
1509 2969 1560 3013 με
1589 2955 1681 2998 κτλ.
1995 2997 1998 2999 Α
2030 2994 2039 3016 2,

275 3026 461 3064 numeris
496 3026 535 3065 in
569 3026 702 3066 codd.
735 3026 914 3067 servatis
947 3038 1055 3067 unus
1088 3025 1214 3067 deest
1252 3026 1294 3065 in
1341 3025 1461 3066 initio
1509 3021 1691 3071 iambus,
1739 3034 1827 3075 quo
1874 3020 1976 3063 loco
2013 3025 2049 3083 ζ,
