2112 3496
1007 341 1303 385 ...55-

305 462 526 502 Bentleius
565 463 761 502 restituit:
800 458 956 520 γυναῖκ’
996 464 1041 506 οὐ
1077 463 1300 522 λαμβάνω.
1370 478 1573 522 μακαριαν
1606 462 1812 503 Dziatzko
1842 462 2009 516 primus

309 534 483 574 mutavit
514 534 556 573 in
590 537 787 591 μακάριον
822 532 886 583 (=
920 533 1203 586 fbrtunatum‚
1243 533 1378 581 Ten),
1413 532 1465 574 cf.
1508 532 1554 574 fr.
1590 533 1706 575 Men.
1740 532 1828 576 472
1859 537 1909 590 νὴ
1935 537 2009 589 τὴν

301 604 493 660 Ἀθηνᾶν,
527 607 762 664 μακάριόν
793 601 833 663 γ’
864 607 892 660 ἧ
914 608 1152 664 χρηστότης.

446 681 632 715 monost.
668 675 766 716 342.
833 678 1029 735 μακάριόν
1062 679 1170 720 ἐστιν
1202 678 1286 720 υἱὸν
1317 677 1518 720 εὔτακτον
1547 681 1718 736 τρέφειν.

302 748 418 788 idem
452 748 578 800 igitur
609 748 722 787 valet
755 752 884 800 atque
915 749 1169 807 εὐδαιμονίαι

444 818 490 859 fr.
526 819 594 860 60.
660 821 894 878 εὐδαιμονία
926 815 1039 864 τοῦτ’
1074 820 1195 868 ἔστιν,
1230 821 1312 878 υἱὸς
1343 827 1433 864 νοῦν
1465 820 1584 879 ἔχωνς

302 889 523 943 hucusque
556 891 682 942 igitur
714 894 758 930 ut
789 894 908 930 certa
940 903 964 930 a
996 890 1137 931 doctis
1169 891 1362 932 restituta
1392 896 1492 931 sunt
1522 889 1651 932 haec:

443 979 501 1024 vg)
535 965 732 1021 μακάριον
765 979 793 1021 μ
902 958 1057 1020 γυναῖκ’
1091 964 1137 1006 οὐ
1169 963 1386 1022 λαμβάνω-

584 1017 957 1040 υυυ-ὐ--υ

301 1070 410 1109 quae
445 1058 650 1097 Dziatzko
683 1058 746 1097 sic
779 1058 990 1110 explevit:

602 1132 650 1172 τὸ
685 1131 882 1188 μακάριον
911 1129 952 1173 δ’
987 1126 1193 1185 αὐ<τῶν>,
1225 1125 1395 1188 γυναῖκ’,
1429 1131 1474 1173 οὐ
1506 1130 1720 1189 λαμβάνω,

300 1200 342 1239 in
374 1213 460 1252 quo
494 1198 598 1239 mihi
631 1200 836 1253 displicet
866 1203 1013 1255 αὐτῶν,
1046 1214 1133 1253 quo
1165 1199 1302 1240 verbo
1336 1199 1391 1240 ad
1415 1205 1560 1240 certos
1591 1199 1807 1253 quosdam
1836 1199 2008 1241 videtur

300 1272 517 1324 respicere
569 1277 716 1324 poeta,
770 1284 953 1324 quorum
1002 1272 1045 1312 in
1092 1271 1299 1312 Terentio
1352 1284 1437 1312 nec
1482 1271 1593 1322 vola'
1629 1283 1714 1312 nec
1758 1271 2004 1325 vestigium.

300 1342 526 1383 Terentius
559 1341 646 1383 hoc
677 1347 839 1383 tantum
875 1343 993 1384 dicit:
1027 1343 1139 1397 quod
1169 1343 1204 1397 f.
1237 1343 1312 1386 isti
1337 1346 1508 1397 putant,
1549 1343 1622 1396 qui
1653 1346 1797 1383 autem
1829 1341 1915 1384 sint
1944 1341 2006 1383 illi

298 1414 380 1462 isti,
431 1414 487 1454 de
534 1412 622 1454 hoc
654 1415 771 1464 silet;
811 1427 973 1468 nempe
1006 1427 1162 1455 omnes
1201 1414 1240 1463 ii,
1281 1426 1464 1467 quorum
1497 1414 1756 1455 sententiam
1788 1413 2015 1455 diversam·

298 1498 438 1525 senex
469 1499 556 1525 non
589 1485 759 1538 probat.
824 1487 994 1526 interim
1027 1483 1113 1526 hoc
1145 1486 1275 1526 velim
1308 1485 1546 1538 praeferre:

627 1561 684 1616 χῶ
718 1561 915 1617 μακάριόν
948 1554 1141 1618 φα<σιν>,
1174 1553 1345 1617 γυναῖκ’,
1379 1559 1424 1602 οὐ
1455 1558 1668 1618 λαμβάνω.

299 1627 373 1687 χῶ]
414 1648 458 1661 =
497 1631 533 1670 et
565 1629 684 1681 quod.
745 1646 772 1689 χ
794 1629 836 1669 in
858 1631 897 1682 λ,
927 1633 1016 1669 tum
1039 1629 1083 1669 in
1103 1647 1131 1673 τ
1151 1629 1321 1669 videtur
1343 1634 1558 1682 corrupta.
1601 1624 1736 1689 φασιν]
1764 1646 1811 1662 =
1832 1630 2002 1681 putant.

298 1717 328 1759 μ
358 1698 472 1740 haud
511 1713 604 1740 raro
645 1700 756 1740 facta
793 1705 858 1740 est
898 1714 921 1741 e
955 1718 996 1760 φ,
1037 1699 1091 1742 cf.
1125 1701 1168 1740 in
1200 1699 1287 1741 tab.
1326 1699 1391 1741 18.
1428 1722 1483 1728 —-
1522 1698 1632 1755 (σιν)
1669 1703 1814 1740 autem
1846 1698 2004 1740 interiit

299 1777 397 1811 ante
432 1775 660 1824 ΓΙΝΕκὲκῐ).
698 1796 752 1802 -
787 1790 814 1815 α
846 1772 1015 1812 videtur
1047 1772 1088 1812 in
1122 1789 1159 1831 χ,
1194 1769 1305 1812 haec
1337 1772 1379 1812 in
1413 1789 1433 1816 υ
1468 1783 1565 1811 esse
1600 1774 1771 1812 mutata.
1801 1793 1861 1800 -—

989 1891 1028 1934 2.
1060 1889 1124 1946 (=
1157 1890 1182 1932 2
1217 1890 1306 1936 K).

1028 1968 1252 2029 *αιγοστη*
1283 1976 1404 2013 ποιῶν

597 2038 739 2099 ἦὲτοιγο
773 2039 954 2100 ερπατοὲ·
988 2043 1056 2086 τὸν
1087 2042 1263 2100 γρόνῦον
1279 2040 1328 2095 (ἲ)
1343 2042 1501 2095 οἰκέτην
1533 2041 1684 2099 λαβών.

1505 2130 1513 2137 0
1554 2130 1561 2138 ι
1599 2130 1607 2137 ο
1644 2130 1653 2138 ο

295 2198 542 2241 Aeschinus
575 2214 735 2255 magna
765 2215 877 2243 voce
910 2202 1084 2242 clamat:

436 2272 556 2314 dbmo
588 2286 652 2314 me
684 2274 855 2327 eripuit,
887 2272 1138 2315 verberavit.-
1169 2286 1233 2315 me
1263 2272 1393 2314 invito
1424 2271 1604 2314 abduxit
1633 2283 1786 2324 meam

435 2343 595 2385 homini
625 2345 776 2386 misero
808 2344 910 2398 plus
949 2344 1196 2398 quinyentos
1231 2342 1426 2397 colaphos
1455 2342 1631 2397 infreyit
1661 2341 1781 2385 mihi.

297 2414 350 2453 ad
385 2412 493 2454 haec
526 2415 742 2456 Donatus:

294 2485 454 2526 homini
484 2486 648 2540 misero]
681 2487 921 2528 secundum
955 2486 1061 2526 illud
1094 2485 1336 2527 Menandri:

436 2574 608 2615 αιγοστη
639 2575 761 2602 ποιων
792 2574 908 2618 τοιγο
940 2574 1091 2616 ερπατο
1122 2574 1348 2617 τονγρωνον
1381 2574 1540 2613 οικετην
1570 2558 1725 2618 λαβων.
1778 2555 1821 2597 in
1841 2554 1998 2610 quibus

295 2629 452 2682 οἰκέτην
492 2630 632 2688 λαβών
676 2629 918 2683 respondet
956 2628 1228 2670 Terentianis
1266 2628 1443 2671 abduxit
1471 2640 1620 2670 meam.
1671 2639 1815 2680 -porro
1845 2642 1998 2687 γρωνον

295 2704 543 2751 corruptum
585 2705 650 2740 est
682 2714 705 2740 e
737 2702 911 2759 γρόνὸ-ον
949 2702 1014 2752 (ω
1040 2720 1083 2734 =
1107 2702 1161 2754 O,
1200 2699 1254 2741 cf.
1290 2701 1330 2740 in
1363 2699 1450 2741 tab.
1483 2698 1564 2741 No.
1598 2698 1672 2755 333
1711 2702 1750 2743 Θ
1782 2697 2000 2740 intercidit

295 2774 392 2808 ante
426 2771 492 2822 Ο),
528 2771 647 2822 quod
681 2772 907 2824 perspexit
939 2772 1081 2820 Kock‚
1115 2772 1187 2825 qui
1219 2770 1301 2812 hos
1334 2772 1471 2812 attulit
1501 2770 1646 2812 locos:

437 2862 445 2881 ¹
475 2866 669 2906 corruptela
696 2865 815 2897 similis
840 2866 1009 2898 invenitur
1034 2866 1125 2899 Men.
1152 2865 1260 2908 Epitr.
1285 2864 1374 2899 441.

646 2922 719 2966 λέγε
746 2926 806 2959 ποῖ’
829 2922 972 2968 βλέπειςι
998 2922 1133 2969 πέρυσιν
1160 2925 1264 2968 [(συν)
1291 2950 1298 2958 .
1327 2950 1334 2958 .
1363 2924 1385 2968 .]
1412 2922 1542 2968 ἐσηης]
1568 2919 1643 2967 luo(

646 2986 715 3023 τοῖς
740 2984 985 3027 Ταυροπολίοις,
1011 2981 1100 3029 εἴπερ
1126 2981 1162 3019 εὖ
1188 2982 1334 3029 μίμημ’
1361 2981 1437 3028 ἐγώ.

293 3039 334 3070 cs.
363 3039 446 3070 infra
475 3042 514 3071 ad
545 3042 624 3074 llee.
654 3042 692 3074 fr.
720 3042 750 3074 ‘2.
