2112 3496
1008 342 1066 349 ..
1127 317 1186 360 30
1245 342 1304 349 .-

975 437 1015 483 7.
1050 437 1115 483 (=
1138 437 1226 479 396
1258 437 1344 492 K.).

746 524 807 565 ἐπὶ
838 529 919 565 τῶν
951 523 1116 581 ἁμαξῶν
1148 523 1223 565 εἰσι
1252 523 1441 581 πομπεῒαί
1469 537 1574 574 τινες

745 595 905 653 σφόδρα
935 594 1127 651 λοίδοροι.

447 688 751 741 Harpocratio,
786 685 976 737 Photius,
1012 685 1166 728 Suidas
1199 686 1329 728 haec:
1361 691 1558 746 πομπείας
1578 690 1647 732 καὶ
1666 689 1895 746 πομπεύειν·
1929 688 2020 732 ἀντὶ

302 767 379 804 τοῦ
410 762 615 818 λοιδορίας
644 762 714 803 καὶ
742 762 952 819 λοιδορεῖν.
1001 759 1264 819 Δημοσθένης
1294 761 1335 803 ἐν
1356 767 1415 817 τῷ
1438 762 1532 819 ὑπὲρ
1555 761 1850 822 Κτησιφῶντος
1870 756 1908 815 (S
1931 757 2017 812 11).

305 834 330 886 ἡ
362 835 573 891 μεταφορὰ
603 834 652 874 δὲ
684 831 761 874 ἀπὸ
793 838 874 874 τῶν
912 832 954 874 ἐν
989 837 1080 884 ταῖς
1109 831 1388 883 Διονυσιακαῖς
1423 837 1599 890 πομπαῖς
1635 833 1697 876 ἐπὶ
1735 837 1817 875 τῶν
1853 831 2020 890 ἁμαξῶν

304 905 627 962 λοιδορουμένων
665 903 881 957 ἀλλήλοις·
929 904 1162 962 Μένανδρος
1199 903 1410 963 Περινθίᾳ·
1450 905 1542 946 κτλ.
1591 925 1647 932 -
1695 906 1814 943 recte
1850 901 2022 942 videtur

307 974 497 1014 sensisse
521 973 713 1022 Grauert,
747 986 847 1014 cum
881 974 985 1014 dicit
1007 972 1100 1029 (pg.
1127 971 1229 1026 191)
1252 973 1336 1014 illis
1369 971 1589 1027 hospitem
1613 971 1874 1014 perinthium
1904 972 2020 1013 senis

305 1045 485 1086 dicteria
516 1044 676 1087 referre
711 1044 783 1097 (cf.
818 1045 956 1085 Andr.
990 1043 1260 1098 919—921).

981 1163 1021 1205 8.
1057 1162 1122 1218 (=
1145 1162 1234 1205 399
1267 1162 1353 1217 K.).

746 1246 833 1292 οὐδ’
867 1249 992 1300 αὐτός
1023 1250 1103 1308 εἰμι
1133 1251 1203 1292 σὺν
1235 1250 1345 1300 θεοῖς
1375 1249 1595 1313 ὑπόξυλος.Α

453 1341 563 1384 haec
582 1341 761 1384 exhibet
780 1343 998 1385 Maximus
1010 1343 1226 1384 Planudes
1244 1344 1286 1383 in
1301 1343 1516 1397 Hermog.
1529 1341 1673 1398 (Rhet.
1687 1339 2023 1395 Graec.V486)2

309 1417 490 1467 ὑπόξυλα
527 1418 669 1474 κυρίως
704 1418 893 1460 καλεῖται
922 1419 977 1459 τὰ
1018 1417 1258 1476 ἀγάλματα,
1292 1414 1351 1468 οἷς
1383 1419 1431 1460 ὲκ
1460 1417 1590 1469 ξύλων
1631 1417 2028 1473 κατασκευασμένοις

312 1489 502 1541 ἐπιπολῆς
533 1489 784 1542 ἐπελήλαται
816 1487 990 1546 ἄργυρος
1019 1489 1044 1542 ἢ
1075 1489 1239 1547 χρυσός·
1277 1493 1409 1530 κεῖται
1438 1485 1479 1530 δ’
1511 1487 1573 1530 ἐπὶ
1607 1493 1690 1530 τῶν
1725 1488 1918 1544 λαμπρῶν
1955 1485 2028 1543 μὲν

310 1558 463 1611 ἔξωθεν
494 1560 564 1602 καὶ
595 1561 787 1612 ἐπιεικῶν,
819 1566 998 1618 πονηρῶν
1028 1562 1075 1603 δὲ
1106 1562 1162 1603 τὰ
1193 1559 1320 1603 ἔνδον.
1373 1561 1444 1602 καὶ
1474 1559 1706 1617 Μένανδρος
1735 1557 1777 1600 ἐν
1806 1562 1861 1618 τῇ
1890 1556 2027 1614 Περιν-

313 1631 386 1689 θίᾳ
417 1633 550 1690 φησίν·
583 1632 675 1673 κτλ.
698 1653 758 1659 -
780 1630 908 1670 etiam
931 1627 1019 1671 hoc
1041 1629 1088 1670 fr.
1113 1629 1169 1670 ad
1191 1628 1376 1671 Critonis
1400 1627 1680 1681 simonisque
1702 1626 2028 1669 altercationem

314 1699 470 1754 (Andr.
498 1701 539 1741 V
567 1701 612 1755 4)
647 1714 745 1741 esse
778 1701 1056 1742 referendum
1090 1715 1179 1742 non
1213 1701 1374 1754 exigua
1405 1713 1504 1740 cum
1542 1698 1851 1754 probabilitate
1891 1697 2029 1739 disse·

314 1773 395 1812 ruit
427 1772 619 1813 Grauert.

988 1845 1030 1887 9.
1063 1843 1131 1899 (=
1155 1843 1245 1887 400
1277 1844 1363 1899 K.).

671 1932 727 1973 τὰ
757 1926 796 1972 δ’
831 1926 925 1974 ἄλλ’
959 1929 1146 1989 ἀνέπαφα
1176 1927 1333 1988 σώματ’
1367 1929 1464 1972 οὐδὲ
1494 1929 1665 1981 ληπτέα.

460 2022 582 2063 affert
605 2021 760 2064 Suidas
783 2037 825 2077 p.
849 2022 972 2066 346a
1004 2025 1223 2084 ἀνέπαφον·
1259 2024 1487 2077 ἀνεύθυνον,
1519 2022 1719 2080 καθαρόν,
1748 2020 1905 2079 ἀθιγές,
1927 2019 2030 2079 ἀψη-

315 2097 515 2154 λάφητον.
562 2097 795 2154 Μένανδρος
816 2097 1027 2156 Περινθίᾳ·
1057 2098 1148 2139 κτλ.
1199 2094 1332 2135 codd.
1356 2096 1518 2148 οὐδέλη,
1542 2092 1663 2145 quod
1685 2090 1877 2134 correxit
1897 2089 2030 2131 Mein.

319 2178 343 2204 e
367 2165 501 2207 Bekk.
527 2166 729 2207 anecdot.
755 2165 934 2215 20:326:
968 2169 1170 2228 ἀνέπαφα·
1202 2171 1258 2211 τὰ
1290 2167 1569 2220 ἀνεπίληπτα
1591 2196 1599 2204 .
1626 2195 1635 2204 .
1661 2197 1671 2208 .
1702 2165 1759 2207 τὰ
1781 2162 1822 2206 δ’
1845 2157 1942 2206 ἄλλ’
1963 2192 1971 2201 -
1991 2193 2002 2202 .
2021 2194 2032 2206 .

321 2237 443 2276 metri
465 2249 596 2278 causa
617 2238 780 2278 dictum
803 2251 884 2290 pro
904 2238 1046 2282 τᾶλλα
1074 2241 1122 2282 δὲ
1147 2270 1154 2278 .
1180 2269 1188 2278 .
1214 2254 1244 2278 ‚z
1276 2239 1455 2279 ceterum
1475 2238 1577 2279 sunt
1598 2266 1607 2275 .
1633 2265 1643 2275 .
1668 2265 1677 2274 .
1701 2239 1821 2293 σῶμα
1843 2236 1909 2273 est
1927 2234 2036 2287 λέξις

318 2312 463 2367 νομική
495 2306 564 2363 (--
594 2307 792 2365 Person):
838 2308 929 2350 CIG
973 2307 1087 2351 1704
1127 2310 1304 2353 ἀπέδοτο
1337 2299 1479 2360 Σώτας
1502 2339 1510 2348 .
1537 2338 1547 2348 .
1571 2337 1581 2347 .
1612 2312 1672 2363 τῷ
1702 2300 1935 2350 Ἀπόλλωνι
1957 2335 1966 2345 .
1989 2335 1999 2344 .
2024 2335 2032 2344 .

319 2386 457 2439 σῶμα
489 2381 710 2439 ἀνδρεῖον
740 2412 749 2421 .
775 2412 784 2421 .
809 2412 820 2423 .
852 2378 913 2441 ἐφ’
945 2382 976 2438 ᾧ
1013 2397 1061 2425 τε
1098 2381 1313 2439 ἐλεύθερος
1350 2379 1447 2423 εἶναι
1482 2380 1553 2423 καὶ
1584 2378 1860 2437 ἀνέφαπτος
1885 2406 1895 2416 .
1920 2406 1930 2416 .
1957 2406 1968 2416 .
1999 2375 2035 2419 εἰ

319 2453 368 2493 δέ
383 2467 447 2503 τις
468 2453 671 2496 ἅπτοιτο
690 2452 886 2511 Σατύρου,
910 2453 1073 2511 βέβαιον
1088 2454 1296 2511 παρεχέτω
1314 2457 1372 2507 τῷ
1391 2451 1475 2508 θεῷ
1491 2452 1568 2493 τὰν
1583 2451 1701 2492 ὠνάν.
1733 2446 1868 2501 Epitr·
1889 2443 1989 2489 100-
2009 2445 2033 2488 1

322 2524 427 2580 μηδὲ
457 2523 498 2565 ἓν
524 2522 530 2576 1
560 2522 706 2583 εὕρισχ’
740 2524 836 2567 ὅπου
868 2525 1060 2582 πρόσεστι
1090 2522 1209 2582 σῶμ’
1245 2522 1567 2580 ἀδικούμενον
1594 2519 1665 2571 (=
1687 2518 1755 2561 die
1774 2515 2038 2573 yeschiidiyte
2081 2538 2089 2548 ·

325 2590 518 2646 Person).
552 2616 606 2622 —
642 2594 698 2634 de
732 2593 962 2646 fragmenti
995 2592 1252 2635 Menandrei
1284 2593 1392 2632 intra
1424 2588 1685 2632 Perinthiam
1717 2590 1822 2631 loco
1859 2599 2037 2642 prorsus

325 2661 428 2703 nihil
461 2670 643 2706 constat.

980 2758 1046 2802 10.
1082 2759 1148 2811 (=
1176 2757 1261 2802 401
1296 2757 1383 2812 K.).

969 2843 1199 2899 (Αἰάντειος
1229 2840 1391 2903 γέλως.)

471 2933 625 2979 Mille‘ri
651 2939 749 2980 mel.
774 2952 850 2992 pg.
874 2937 960 2981 355
982 2934 1017 2993 ξ’
1043 2938 1103 2991 (=
1125 2937 1291 2979 Zenob.
1313 2937 1330 2978 I
1352 2935 1444 2989 60):
1479 2937 1690 2987 Αἰάντειος
1709 2935 1861 2994 γέλως·
1892 2935 2039 2993 μέμνη-
2101 2939 2112 2954 ⁴·

328 3026 397 3052 ται
428 3012 580 3066 ταύτης
611 3013 841 3070 Μένανδρος
871 3014 912 3054 ὲν
940 3011 1131 3069 Περινθίᾳ
1162 3015 1220 3070 τῇ
1241 3012 1424 3069 πρώτῃ·
1457 3010 1623 3066 λέγουσι
1641 3008 1691 3050 δὲ
1711 3006 1775 3049 ὅτι
1795 3003 2042 3058 Πλεισθένης
2092 3061 2112 3079 ⁴
