2112 3496
157 448 293 503 (Don.
324 447 460 503 praef.
495 448 510 489 1
546 448 599 500 1).
663 450 734 502 qui
767 450 1061 492 adulescentis
1093 452 1288 493 aemulus
1321 451 1450 493 etiam
1488 463 1588 492 cum
1627 452 1864 492 meretricis

157 520 301 574 prima
342 520 584 561 narratione
623 521 835 562 artissime
873 520 1100 574 cohaeret;
1145 523 1199 564 cs.
1234 537 1274 564 v.
1309 521 1392 565 125
1430 524 1588 565 interea
1624 521 1756 575 miles,
1792 523 1865 576 qui

155 603 224 634 me
251 602 397 635 mro
426 594 671 644 occeperat.
698 625 706 634 .
733 624 741 632 .
784 590 869 634 134
900 593 1010 645 forte
1039 593 1215 646 fortuna
1246 592 1392 647 adfuit
1428 592 1497 635 hic
1532 605 1649 635 meus
1682 594 1866 635 amicus:

157 660 256 704 enuit
285 674 380 705 m
403 694 412 704 .
438 693 447 703 .
473 694 483 705 .
522 662 640 704 idem
677 663 868 718 puellam
909 664 965 705 ad
997 663 1211 705 Thaidem
1243 670 1364 706 curat
1400 664 1571 714 adduci,
1609 663 1726 705 idem
1764 675 1863 705 eum

157 729 244 775 hac
278 731 370 775 abit
405 734 699 776 comissatum.
768 740 887 775 certe
925 736 1054 788 igitur
1091 739 1226 777 inerat
1266 737 1308 776 in
1346 733 1559 777 Eunucho
1597 734 1864 777 Menandrea

157 802 356 846 aemulus
386 804 564 857 quidam
598 802 900 846 Chaerestrati.
963 806 1044 847 sed
1077 812 1214 847 utrum
1256 806 1328 847 ille
1366 818 1541 861 quoque
1578 805 1705 847 suerit
1738 805 1866 847 miles

157 885 215 917 an
243 872 354 917 alius
384 875 592 924 mortalis,
626 875 768 929 primo
801 876 979 917 dubium
1010 889 1108 918 esse
1130 883 1290 931 potest.
1338 876 1424 918 hoc
1446 878 1623 919 demum
1645 877 1728 918 iam
1752 889 1865 918 nunc

156 949 325 988 certum
346 945 518 988 videtur
537 952 694 1000 poetas
717 948 934 1001 ingenuos
956 948 1261 989 adulescentes
1291 954 1336 990 ut
1360 949 1556 989 aemulos
1583 947 1866 989 infortunatos

157 1015 368 1061 inducere
398 1017 555 1059 solitos
585 1031 676 1059 non
709 1031 828 1066 esse;
861 1019 1063 1072 profecto
1096 1020 1211 1060 enim
1234 1025 1505 1073 spectatores
1531 1018 1592 1060 ob
1613 1021 1866 1079 συμπάθειαν

156 1098 260 1144 qun
290 1087 376 1131 inis
408 1088 664 1130 doluissent.
729 1090 888 1130 milites
926 1095 1068 1131 autem
1107 1090 1392 1132 libentissime
1429 1091 1512 1131 illis
1551 1094 1784 1144 opponunt
1822 1097 1867 1131 ut

158 1163 378 1205 &nantes
409 1158 696 1202 infortunatos
736 1166 779 1202 et
816 1161 875 1201 ob
915 1162 1107 1213 ipsorum
1149 1162 1403 1203 iactationes
1442 1162 1650 1202 molestas
1687 1166 1732 1202 et
1767 1162 1867 1214 quia

157 1226 328 1273 civibus
357 1230 523 1272 liberae
560 1232 623 1273 rei
659 1230 877 1286 publicae,
914 1245 1001 1285 quo
1041 1233 1179 1286 magis
1219 1245 1322 1273 suae
1361 1232 1547 1273 libertati
1582 1232 1867 1273 imminebant

157 1298 476 1343 diadochorum
510 1303 729 1344 exercitus
761 1303 1037 1351 conducticii‚
1072 1316 1126 1343 eo
1161 1304 1298 1356 magis
1324 1304 1367 1343 in
1389 1303 1538 1343 odium
1560 1302 1763 1344 subibant
1783 1303 1864 1356 ipsi

157 1373 427 1415 mercenarii.
489 1371 575 1415 huc
607 1373 793 1422 accedit,
826 1374 947 1427 quod
980 1374 1198 1414 nonnullis
1237 1374 1407 1415 fabulae
1438 1373 1725 1415 Terentianae
1757 1374 1866 1415 locis

158 1442 305 1486 adhue
328 1444 525 1499 pellucet
555 1446 676 1486 illum
709 1458 756 1487 re
786 1459 888 1487 vera
910 1446 1091 1487 militem
1115 1445 1257 1487 fuisse.
1305 1446 1421 1487 velut
1443 1444 1696 1487 Parmeno
1717 1457 1865 1485 servus

156 1527 226 1557 w.
258 1514 458 1570 4fflsqq.
492 1514 622 1558 haec:

441 1591 567 1642 atque
597 1587 701 1631 Moe
730 1589 804 1642 qui
833 1589 961 1638 misit,
993 1601 1079 1630 mm
1110 1587 1194 1630 sibi
1225 1587 1306 1631 soli
1328 1586 1518 1642 postulat

442 1662 483 1702 te
511 1660 659 1711 aime,
690 1663 730 1702 et
758 1672 839 1702 sua
869 1672 999 1702 causa
1029 1658 1194 1702 excludi
1224 1662 1375 1702 ceteros

442 1743 596 1784 neque
621 1742 823 1786 pityonas
852 1733 1037 1772 narrat
1067 1743 1222 1783 neque
1253 1730 1521 1772 cicatrices
1548 1743 1667 1772 suas

442 1804 666 1844 ostentat
694 1814 828 1855 neque
857 1802 936 1844 tibi
965 1801 1112 1851 obstat,
1142 1800 1254 1855 quod
1283 1800 1458 1854 quidam
1489 1800 1607 1854 facit.

157 1870 214 1916 cs.
246 1869 503 1915 Phoenicid.
535 1871 583 1914 fr.
616 1873 659 1927 4,
690 1874 718 1915 4
750 1872 804 1915 K.
835 1872 909 1926 (111
942 1871 1066 1926 334):

443 1946 567 1998 εὐθὺς
595 1947 882 2006 ἐπιχειρήσασα
913 1947 1029 2005 φίλον
1059 1944 1178 2005 ἔσχον
1209 1947 1299 1989 τινά

442 2020 756 2076 στρατωτικόν·
785 2020 870 2061 διὰ
901 2018 1085 2068 παντὸς
1115 2015 1261 2069 οὗτος
1290 2019 1377 2068 τὰς
1407 2018 1567 2074 μάχας

444 2088 634 2147 Ξλιγιν,
664 2087 875 2133 ἂδιίκνυ’
910 2089 1009 2147 ἅμα
1034 2090 1191 2146 λέγων
1221 2091 1283 2132 τὰ
1303 2088 1583 2146 τραύματα,

442 2161 621 2221 εἰσέφερε
649 2158 691 2205 δ’
724 2162 853 2205 οὐδέν.

158 2228 279 2271 idem
309 2229 485 2284 sapiunt
512 2230 649 2272 verba
677 2244 718 2272 v.
750 2229 839 2273 494
854 2243 941 2284 sq.:

1166 2300 1282 2344 haud
1312 2299 1501 2343 convenit

514 2387 604 2416 una
633 2374 697 2415 ire
726 2386 822 2415 cum
851 2374 991 2416 amica
1022 2359 1314 2427 imperatorem
1345 2373 1393 2413 in
1425 2371 1505 2412 via.

57 2414 72 2506 ὲ
158 2439 279 2485 haud
307 2443 450 2486 minus
482 2457 508 2486 e
540 2443 687 2486 fabula
717 2443 886 2486 Graeca
917 2443 1095 2485 fluxisse
1126 2443 1326 2484 videntur
1357 2455 1422 2482 w.
1458 2439 1539 2482 781
1560 2451 1675 2492 sqq.:

218 2511 339 2572 Thr.]
371 2517 420 2558 tu
449 2515 569 2559 hosce
598 2517 782 2559 instrue.-
810 2529 886 2570 eyo
915 2529 985 2559 ero
1017 2514 1086 2558 hic
1111 2513 1206 2569 past
1229 2513 1470 2567 principia.-
1499 2509 1600 2553 inde
1628 2507 1819 2553 omnibus

1455 2582 1625 2636 siynum
1657 2579 1774 2622 dabo.

245 2654 345 2714 Gn.]
375 2656 480 2702 uvae
506 2661 567 2702 est
595 2657 766 2713 stipere:
794 2661 841 2701 ut
872 2657 990 2701 hosce
1020 2657 1237 2702 instmccit.
1271 2656 1390 2708 ipsus
1418 2652 1502 2696 sibi
1531 2651 1640 2694 cavit
1672 2649 1768 2693 loco.

218 2725 340 2786 Tha]
370 2728 485 2773 idun
513 2729 591 2774 hoc
618 2730 708 2772 iam
740 2727 935 2785 Pyrrhus
964 2728 1188 2782 factitavit.

161 2799 267 2855 quin
302 2798 547 2842 Menander
584 2799 735 2854 Pyrrhi
772 2800 997 2855 pugnandi
1036 2798 1246 2839 rationem
1286 2793 1651 2837 commemorarit.
1685 2797 1867 2844 tempus

160 2883 253 2913 non
273 2870 441 2921 obstan
473 2872 557 2913 alia
582 2877 727 2913 autem
757 2884 815 2912 ex
836 2876 958 2925 parte
982 2871 1076 2922 ipsa
1097 2869 1169 2909 illa
1191 2873 1330 2908 aetate
1353 2863 1462 2906 haec
1485 2863 1694 2917 quaestio,
1728 2868 1864 2902 utrum

72 2939 90 2965 ’··
161 2941 402 2996 imperator
435 2942 533 2998 ipse
570 2942 811 2997 pugnando
851 2941 1034 2982 deberet
1073 2940 1282 2980 interesse
1325 2948 1478 2984 necne,
1521 2939 1639 2975 mota
1679 2937 1770 2973 erat
1811 2931 1867 2972 ab

82 3019 104 3062 ἶ.
162 3011 353 3055 bocrate
384 3013 428 3055 in
459 3014 646 3068 epistula
676 3013 732 3054 ad
765 3012 1011 3065 Philippum
1047 3011 1175 3050 missa
1208 3010 1244 3058 (ς
1266 3006 1341 3057 92)
1374 3012 1418 3047 et
1441 3003 1869 3106 saepiuzudispuum
