2112 3496
1032 354 1088 360 -
1149 328 1207 371 42
1270 353 1326 358 -

991 449 1027 489 1.
1060 447 1128 502 (=
1158 447 1243 489 297
1278 447 1363 502 K.).

712 535 822 592 γελῶ
854 536 903 576 τὸ
934 535 1031 591 πρὸς
1062 535 1132 576 τὸν
1164 534 1342 591 Κύπριον
1373 533 1645 590 ἐννοούμενος.

469 626 583 668 hunc
621 642 657 668 v.
696 632 838 667 servat
868 625 1080 668 Plutarch.
1122 627 1163 667 d.
1205 627 1318 668 adul.
1356 632 1413 667 et.
1447 639 1528 668 am.
1567 640 1643 680 pg.
1677 626 1779 676 572,
1827 624 1902 666 ubi
1931 625 2032 666 talia

326 699 596 739 adulatorum
636 699 750 738 dicta
788 702 832 738 ut
869 698 1022 738 usitata
1061 697 1197 738 affert.
1261 698 1350 738 illic
1388 702 1494 751 post
1525 696 1644 738 Men.
1677 696 1726 740 fr.
1758 695 1845 739 293
1876 696 1930 739 K.
1968 697 2034 738 sic

326 771 486 823 pergit:
519 773 605 814 καὶ·
638 772 789 829 γέλωτι
819 786 883 828 πρ.
914 786 952 813 τ.
976 771 1153 828 Κύπριον
1184 770 1467 829 ἐνηθούμενος.
1531 781 1643 822 quae
1666 766 1810 809 Cobet
1829 765 2031 822 pulcher-

326 842 431 882 rime
470 841 660 881 correxit
696 841 738 880 in
770 845 880 900 γελῶ
901 843 951 885 τὸ
985 844 1029 881 et
1059 842 1326 900 ἐννοούμενος,
1368 844 1573 893 corrupta
1595 847 1639 880 ut
1661 842 1842 893 apparet
1870 839 1956 880 iam
1988 839 2032 879 in

325 913 534 965 scriptura
566 912 822 954 maiuscula:
857 918 1086 953 HO=NO.

467 995 601 1036 verba
621 1001 720 1036 sunt
741 993 969 1047 Struthiae‚
993 995 1167 1048 parasiti
1189 993 1376 1045 Colacis,
1399 995 1455 1035 ad
1478 993 1675 1035 Biantem
1698 994 1880 1034 militem
1903 993 2031 1042 dicta,

325 1067 444 1119 quod
482 1067 660 1107 adnotat
691 1065 958 1127 Plutarchus.
1020 1066 1176 1120 quibus
1217 1071 1284 1107 est
1321 1079 1422 1107 usus
1454 1065 1684 1106 Terentius
1715 1064 1824 1107 Eun.
1857 1077 1897 1107 v,
1929 1062 2032 1114 498,

326 1138 398 1178 ubi
431 1131 602 1179 Gnatho
635 1138 845 1191 parasitus
879 1142 922 1178 et
951 1135 1121 1179 Thraso
1154 1138 1281 1178 miles
1314 1135 1426 1178 haec
1459 1137 1784 1190 colloquuntur:

537 1220 730 1264 hahahde
768 1223 815 1271 ssl:
852 1220 955 1274 quid
990 1219 1131 1263 rides?
1167 1223 1214 1271 ssl:
1253 1221 1362 1263 istuc
1402 1219 1515 1273 quod
1551 1219 1661 1262 dixti
1700 1218 1822 1261 modo

537 1296 576 1335 et
613 1292 719 1335 illud
755 1293 806 1335 de
836 1291 1004 1336 Rhodio
1041 1293 1212 1345 dictum,
1255 1306 1378 1346 quom
1410 1292 1457 1334 in
1488 1296 1664 1334 mentem
1695 1291 1820 1342 venit,

325 1390 484 1429 nempe
524 1377 811 1430 respicientes
850 1377 906 1417 ad
944 1377 1090 1418 militis
1127 1376 1364 1417 iocularem
1405 1377 1558 1429 logum
1599 1373 1706 1430 (420
1736 1373 1861 1429 sqq.),
1902 1387 2033 1428 quem

325 1453 367 1488 et
398 1448 518 1488 illum
552 1461 726 1500 quoque
761 1461 784 1488 e
813 1446 976 1489 Colace
1009 1453 1229 1502 sumptum
1263 1460 1362 1488 esse
1395 1446 1482 1488 hoc
1515 1447 1683 1487 monito
1715 1445 1818 1487 satis
1849 1446 2035 1487 demon·

325 1524 488 1559 stratur.

466 1591 630 1644 reliqua
667 1595 840 1644 septem
884 1590 1127 1644 fragmenta
1164 1591 1280 1643 apud
1318 1590 1571 1631 Terentium
1616 1603 1702 1630 non
1749 1588 2032 1643 reperiuntur.

758 1732 798 1775 2.
835 1732 900 1782 (=
930 1731 1120 1785 Oxyrrh.
1155 1732 1257 1786 Pap.
1291 1731 1347 1772 ΙΙΙ
1381 1746 1453 1773 no,
1487 1731 1602 1785 409).

538 1816 590 1858 cf.
622 1816 731 1866 Leo,
766 1815 898 1866 NGG,
938 1815 1062 1865 1903,
1097 1814 1203 1865 673;
1245 1815 1424 1865 Koerte,
1460 1815 1714 1856 Menandr.²
1744 1827 1819 1868 pg.

467 1911 639 1953 Colacis
678 1911 975 1952 Menandreae
1008 1915 1177 1965 partem
1226 1911 1268 1951 in
1315 1910 1464 1952 charta
1511 1910 1671 1951 servari
1703 1910 1928 1964 cognitum
1967 1914 2036 1951 est

325 1983 497 2023 duobus
520 1984 612 2024 aliis
635 1983 888 2036 fragmentis
912 1981 1014 2037 (294
1036 1982 1089 2024 K.
1111 2002 1157 2016 =
1180 1996 1248 2023 vv.
1270 1981 1471 2031 42-44;
1505 1981 1589 2024 731
1614 1982 1667 2023 Κ.
1689 2001 1736 2016 =
1757 1994 1825 2023 vv,
1848 1979 1919 2024 49.
1941 1978 2031 2035 50),

324 2067 434 2106 quae
466 2056 508 2094 in
540 2054 614 2095 illa
644 2054 925 2108 reperiuntur.
987 2053 1098 2104 Bias,
1133 2066 1263 2107 quem
1297 2052 1471 2095 Colacis
1504 2054 1684 2093 militem
1718 2065 1817 2094 esse
1849 2065 1907 2093 ex
1928 2051 2034 2097 Plut.

326 2138 397 2177 pg.
430 2125 520 2167 573
558 2139 884 2179 acceperamus,
933 2125 1073 2167 semel
1114 2125 1154 2179 (v
1199 2123 1272 2175 32,
1306 2125 1380 2165 vix
1412 2124 1488 2178 69)
1527 2125 1785 2177 nominatur,
1833 2128 1877 2165 et
1906 2128 2033 2165 tetra-

324 2196 530 2237 distarum
574 2198 763 2239 convivii
809 2210 910 2238 cum
958 2196 1178 2239 sacrificiis
1224 2197 1446 2238 coniuncti
1493 2197 1536 2237 in
1584 2195 1799 2237 honorem
1845 2194 2034 2237 Veneris

323 2269 581 2322 vulgivagae
620 2269 744 2310 factis
782 2269 855 2324 (eff.
887 2267 1052 2310 Athen.
1085 2281 1160 2322 pg.
1194 2267 1333 2322 659d)
1374 2269 1541 2308 mentio
1574 2266 1622 2308 fit
1651 2281 1690 2309 v.
1727 2265 1783 2309 10
1818 2265 2030 2321 (σύνοδος).

325 2341 456 2392 partis
501 2340 671 2382 fabulae
714 2346 909 2382 servatae
955 2345 1257 2394 argumentum
1302 2345 1469 2381 enarrat
1511 2339 1676 2380 Koerte
1719 2339 1763 2379 in
1803 2337 2031 2380 Menandr.

324 2411 457 2463 praef.
512 2426 587 2465 pg.
627 2412 820 2454 XLVIII.
883 2412 1088 2465 equidem
1133 2412 1234 2452 satis
1274 2409 1420 2452 habeo
1461 2411 1517 2452 ad
1555 2421 1721 2465 paucos
1759 2410 1886 2451 locos
1923 2422 2032 2451 non-

325 2483 440 2523 nulla
473 2484 649 2525 addere.

466 2581 530 2608 vv.
565 2566 742 2609 18—20
772 2568 835 2608 sic
867 2566 1033 2608 scribo:

1066 2667 1164 2710 αρα;
1195 2657 1262 2694 νῦν
1293 2652 1373 2710 ἐγὼ
1404 2651 1530 2710 Δωρίς
1565 2646 1770 2708 (dempti.)

652 2730 773 2782 πειρῶ
803 2725 853 2766 δὲ
884 2724 1029 2782 θαρρεῖ
1060 2741 1081 2766 ν
1111 2723 1276 2767 Φειδίατ
1312 2723 1475 2781 θαρρεῖν
1505 2723 1596 2780 ἐμοί

651 2798 804 2853 λέγειςς
982 2800 1035 2849 τῆ
1062 2811 1080 2846 ς
1110 2797 1202 2838 κτλ.

324 2887 360 2911 v.
404 2874 453 2915 18
487 2876 527 2914 in
562 2875 647 2916 fine
682 2883 748 2917 est
770 2890 973 2926 mancus;
1007 2878 1145 2937 ἀπορῶ
1178 2874 1338 2917 sufficit
1369 2876 1535 2917 iuvenis
1559 2873 1868 2928 desperationi.
1898 2886 1940 2915 v·
1975 2871 2032 2915 19
2089 2931 2093 2933 ξ

326 2945 554 2987 infinitivus
594 2950 757 3006 θαρρεῖν
789 2949 855 2989 bis
895 2949 1064 3002 positus
1102 2948 1438 2989 commendatur
1476 2952 1520 2988 et
1558 2945 1854 2988 adulescentis
1899 2956 2031 2998 quae-

326 3018 464 3056 stione
488 3018 648 3067 iterata,
673 3032 801 3070 quam
826 3020 991 3059 Koerte
1015 3018 1152 3060 verbo
1174 3022 1309 3079 λέγεις
1331 3017 1427 3073 (20)
1449 3017 1736 3072 probabiliter
1762 3015 1955 3065 restituit,
1987 3018 2034 3056 et
