2112 3496
1067 359 1125 364 -
1187 334 1243 377 63
1306 360 1364 364 -

1000 455 1040 498 3.
1071 455 1139 507 (=
1165 453 1291 496 142a
1322 454 1409 507 K.).

730 541 774 591 ἐξ
805 541 984 598 ἱσταρίου
1015 538 1051 583 δ’
1086 541 1288 599 ἐκρέματο
1321 541 1543 599 φιλοπόνως
1571 542 1684 584 πάνυ.

492 635 590 675 Ter.
625 636 752 677 Haut.
786 650 827 677 v.
861 634 1050 688 28lsqq.
1085 633 1218 687 Syrus
1261 634 1427 676 Cliniae
1473 640 1624 684 narrat,
1675 647 1804 688 quam
1852 636 2055 678 modeste

350 706 586 760 Antiphila,
621 714 762 748 amata
794 708 897 756 eius,
931 707 1061 747 vitam
1094 707 1170 747 illo
1204 706 1386 747 absente
1419 706 1568 762 egerit,
1604 719 1703 747 eum
1737 707 1793 747 de
1815 707 2055 762 improviso

350 780 571 832 quondam
605 779 724 819 domi
759 792 855 819 eam
888 777 1165 819 offendisset:

632 862 832 905 texentem
863 861 991 922 telam
1021 861 1206 903 studiose
1236 862 1375 914 ipsam
1407 860 1669 914 offendimus,

631 933 894 976 mediocriter
924 933 1114 975 vestitam
1144 936 1252 975 veste
1283 931 1459 987 luyubri

633 1005 738 1056 (einis
769 1017 878 1047 anus
907 1017 1051 1055 eausa,
1084 1005 1246 1058 opinor,
1279 1003 1386 1057 quae
1415 1007 1505 1046 erat
1537 1007 1734 1058 mortua).

348 1089 402 1129 ad
436 1078 551 1129 haec
581 1086 817 1129 scholiasta
853 1087 953 1128 cod.
999 1086 1202 1128 Bembini
1241 1087 1471 1141 adscripsit
1515 1092 1627 1128 teste
1674 1085 2053 1142 Umpfenbachio:

347 1158 619 1215 offendimus]
651 1159 878 1200 offendere
913 1193 921 1201 .
956 1189 966 1200 .
1002 1191 1010 1200 .
1045 1172 1129 1199 nec
1159 1159 1381 1212 provisum
1415 1193 1424 1202 .
1460 1194 1470 1204 .
1506 1191 1515 1199 .
1548 1160 1727 1201 venerit.

847 1246 890 1297 ἐξ
921 1245 1101 1303 ἱσταρίου
1131 1247 1209 1304 γὰρ
1242 1247 1445 1304 ἐκρέματο
1478 1261 1518 1305 φ.
1546 1261 1587 1289 π.

345 1331 424 1387 γὰρ
457 1327 661 1368 Meineke
694 1340 805 1371 corr.
838 1327 881 1367 in
913 1329 974 1370 δὲ.
1000 1350 1057 1356 —-
1081 1339 1181 1367 cum
1204 1329 1402 1387 ἐκρέματο
1426 1326 1556 1367 Kock
1574 1324 1628 1367 cf.
1652 1325 1735 1368 Ov.
1762 1326 1867 1368 Met.
1889 1326 1953 1368 IV
1971 1326 2052 1371 35:

488 1414 563 1452 aut
593 1410 799 1453 haerent
830 1410 960 1453 telae
999 1409 1275 1465 (Minyeides)
1320 1410 1586 1464 famulasque
1620 1409 1835 1454 laboribus
1861 1413 2055 1465 torquent.

993 1578 1034 1618 4.
1067 1578 1134 1630 (ε
1163 1575 1244 1617 142
1262 1575 1291 1616 b
1323 1575 1410 1630 K).

1129 1665 1198 1706 καὶ
1229 1663 1458 1720 θεραπαινὶς
1487 1660 1535 1715 ἧν
1567 1663 1639 1720 μία

844 1735 948 1789 αὕτη
980 1735 1212 1794 συνύφαινεν
1244 1734 1424 1792 ῥυπαρῶς
1453 1735 1700 1792 διακειμένη.

346 1828 424 1869 VII
457 1828 652 1870 versibus
683 1833 786 1882 post
818 1828 935 1869 idem
969 1827 1103 1881 Syrus
1136 1828 1199 1868 sic
1231 1828 1396 1881 pergit:
1459 1840 1569 1869 anus

556 1900 766 1942 subtemen
797 1900 933 1942 nebat.
959 1902 1181 1952 praeterea
1213 1912 1301 1941 una
1331 1897 1536 1941 ancillula

557 1975 665 2023 erat,·
696 1985 746 2013 ea
777 1970 935 2013 texebat
965 1982 1074 2023 una,
1102 1969 1268 2023 pannis
1299 1969 1435 2012 obsita

556 2042 752 2097 neyleeta,
785 2041 994 2085 inmunda
1025 2041 1196 2084 inluvie.

345 2125 578 2167 scholiasta
608 2127 707 2168 cod.
738 2126 941 2166 Bembini
974 2130 1173 2167 annotat:

486 2209 715 2264 subtemen]
747 2209 910 2250 dictum
943 2209 998 2250 ab
1037 2222 1093 2250 eo
1131 2206 1249 2262 quod
1285 2208 1431 2251 subeat
1476 2211 1661 2261 stantem·
1707 2207 1941 2250 subtemen
1985 2210 2056 2249 eet

344 2287 490 2331 trama,
515 2286 683 2322 stamen
705 2281 825 2334 quod
850 2313 858 2322 .
895 2313 904 2322 .
940 2313 948 2321 .
983 2279 1109 2336 (haec
1130 2280 1342 2321 recedunt
1365 2280 1420 2320 ad
1443 2279 1691 2321 Varronis
1713 2278 1755 2320 d.
1779 2279 1807 2322 l.
1831 2277 1880 2321 L.
1899 2277 1943 2320 V
1962 2276 2050 2334 23).
2086 2298 2091 2342 j

1033 2397 1041 2406 .
1075 2396 1084 2405 .
1116 2366 1185 2408 καὶ
1216 2365 1446 2422 θεραπαινὶς
1475 2363 1523 2419 ἥν
1553 2365 1626 2423 μία

802 2438 905 2491 αὕτη
937 2437 1168 2496 συνύφαινεν
1201 2437 1381 2495 ῥυπαρῶς
1410 2438 1657 2494 διακειμένη.

344 2507 398 2549 cf.
431 2507 506 2548 Ar.
541 2507 645 2561 Lys.
680 2507 780 2550 519.
814 2511 836 2552 ὁ
866 2511 914 2552 δέ
943 2504 985 2567 μ’
1018 2509 1139 2560 εὐθὺς
1170 2507 1406 2567 ὑποβλέψας
1435 2509 1484 2551 ἂν
1515 2500 1675 2566 ἔφασκ’,
1714 2506 1750 2549 εἰ
1770 2507 1825 2565 μὴ
1843 2506 1917 2549 τὸν
1935 2505 2051 2559 στή-

1554 2592 1678 2636 μονα
1711 2578 1838 2632 νήσω

842 2652 1112 2704 ὀτοτύξεσθαι
1133 2653 1269 2710 μακρὰ
1289 2652 1364 2703 τὴν
1384 2651 1580 2710 κεφαλήν·
1605 2652 1649 2688 et
1671 2646 1790 2689 Men.
1812 2644 1861 2688 fr.
1884 2643 1972 2689 892
1992 2643 2049 2688 K.
2075 2674 2078 2677 -

489 2734 549 2775 Pl.
584 2734 718 2775 Merc.
752 2733 852 2777 518.
879 2735 1031 2788 possin
1071 2737 1132 2787 tu,
1169 2734 1208 2776 si
1247 2746 1372 2776 ussus
1416 2733 1587 2785 venerit,
1634 2730 1887 2774 subtemen
1931 2731 2081 2772 teme

885 2804 1048 2848 nere?
2022 2804 2074 2821 ν’

487 2887 596 2929 haec
629 2887 715 2930 duo
748 2889 991 2942 fragmenta
1023 2889 1050 2932 3
1084 2893 1126 2930 et
1157 2888 1185 2930 4
1218 2901 1307 2929 non
1339 2888 1382 2929 in
1414 2900 1544 2928 unum
1569 2886 1735 2928 debere
1757 2881 1980 2933 confundi,
2002 2880 2074 2927 ia

345 2954 465 3012 qiiod
497 2959 599 3001 fecit
632 2961 772 3010 Kock,
805 2961 874 3002 vel
908 2974 932 3002 e
964 2959 1227 3002 scholiastae
1250 2958 1528 3001 lemmatibus
1551 2956 1834 3010 intellegitur3
1865 2953 2073 3015 alteru&

346 3030 400 3070 ab
433 3030 567 3071 altero
602 3045 689 3071 non
723 3032 862 3072 minus
895 3045 1023 3084 quam
1058 3031 1134 3072 VII
1168 3045 1233 3071 vv.
1270 3037 1335 3072 est
1365 3030 1621 3072 seiunctum.
2048 3025 2058 3049 ἶ
