2112 3496
1038 370 1088 375 ,ψ
1153 345 1327 387 46.-

995 463 1036 505 3.
1070 463 1139 520 (=
1165 463 1250 506 292
1283 464 1369 519 K.).

569 551 739 602 σπονδή·
772 550 890 592 δίδου
923 552 971 591 σὺ
1005 549 1200 608 σπλάγχν’
1234 550 1487 593 ἀκολουθῶν.
1549 554 1620 592 ποῒ
1642 549 1820 607 βλέπεις;

566 622 732 673 σπονδή·
768 619 851 678 φέρ’
887 620 917 663 ὦ
948 625 1022 663 παῖ
1049 622 1193 664 Σωσία.
1255 623 1425 675 σπονδή·
1457 622 1596 671 καλῶς

568 690 662 749 ἔχει.
727 692 838 742 θεοῖς
869 686 1108 748 Ὀλυμπίοις
1139 693 1355 751 εὐχώμεθα

563 757 828 820 Ὀλυμπίασι,
859 768 957 806 πᾶσι
986 765 1132 814 πάσαις
1154 796 1163 805 .
1189 794 1198 804 .
1234 762 1433 822 (λάμβανε

462 832 500 872 ἶ).
562 836 635 886 τὴν
666 836 860 891 γλῶτταν
892 837 933 876 ὲν
963 833 1112 891 τούτῳ)
1143 836 1301 880 διδόναι
1331 836 1531 892 σωτηρίαν

558 906 721 962 ὑγίειαν,
756 905 901 963 ἀγαθὰ
930 907 1078 959 πολλοὶ,
1111 913 1192 949 τῶν
1223 905 1348 949 ὄντων
1379 922 1427 949 τε
1458 912 1523 949 νῦν

563 976 733 1034 ἀγαθῶν
765 975 899 1030 ὄνησιν
928 982 1038 1020 πᾶσι.
1100 976 1220 1020 ταῦτ’
1253 978 1480 1036 εὐχώμεθα.

460 1069 582 1109 affert
614 1068 869 1110 Athenaeus
901 1084 976 1124 pg.
1011 1069 1098 1112 659
1110 1066 1156 1113 d‘:
1190 1074 1421 1130 Μένανδρος
1441 1073 1482 1115 ἐν
1502 1073 1666 1116 Κόλακι
1686 1074 1758 1116 τὸν
1777 1075 1863 1124 τοῖς
1883 1087 2029 1131 τετρα-

316 1144 473 1193 δισταῖς
515 1144 824 1201 διακονούμενον
869 1146 1060 1202 μάγειρον
1099 1145 1140 1186 ἐν
1176 1149 1228 1203 τῇ
1264 1150 1338 1198 τῆς
1373 1146 1584 1202 πανδήμου
1621 1138 1870 1202 Ἀφροδίτης
1905 1142 2030 1204 ἑορτῇ

314 1218 421 1256 ποιεῖ
455 1216 576 1256 ταυτὶ
614 1216 810 1272 λέγοντα·
852 1216 945 1257 κτλ.
1009 1214 1142 1268 paulo
1185 1219 1283 1254 ante
1324 1213 1435 1254 haec
1476 1214 1682 1267 legimus:
1721 1215 1839 1258 οὐδὲν
1875 1212 1944 1258 οὖν
1979 1212 2028 1268 ἦν

314 1285 558 1342 παράδοξον,
597 1286 630 1328 εἰ
666 1287 735 1328 καὶ
773 1286 942 1340 θυτικῆς
977 1284 1082 1340 ἦσαν
1115 1277 1298 1344 ’ἔμπειροι
1337 1287 1373 1329 οἱ
1408 1288 1645 1344 παλαίτεροι
1681 1287 1884 1344 μάγειροι·
1921 1287 2027 1344 προί-

313 1372 465 1400 σταντο
503 1363 599 1411 γοῦν
636 1358 705 1400 καὶ
741 1360 883 1416 γάμων
921 1359 990 1400 καὶ
1027 1358 1190 1400 θυσιῶν.
1228 1380 1287 1386 —-
1325 1357 1566 1397 sacerdotis
1603 1356 1730 1409 igitur
1767 1354 1916 1396 officio
1954 1354 2027 1396 hie

314 1425 502 1480 fungitur
543 1439 677 1467 cocus
724 1432 767 1467 et
809 1428 1055 1468 ioculariter
1097 1440 1434 1480 preces-sacras
1474 1432 1516 1468 et
1554 1428 1668 1468 iussa
1704 1427 1888 1481 profana
1923 1441 2026 1482 pro-

314 1498 478 1538 miscue
510 1497 742 1550 profundit.

453 1582 492 1613 ν,
530 1570 567 1610 l.
616 1573 766 1626 σπονδή
800 1570 904 1610 dicit
937 1569 991 1610 ad
1023 1570 1108 1610 vini
1140 1570 1393 1610 libationem
1429 1571 1539 1611 deos
1561 1572 1782 1611 invocans.
1805 1594 1865 1600 —
1885 1569 2023 1611 verbo

313 1642 553 1685 ἀκολουθῶν
585 1654 709 1682 suum
742 1654 916 1682 servum
948 1642 1145 1695 impellit,
1179 1642 1248 1682 cui
1278 1656 1317 1684 ν.
1352 1643 1392 1683 5.
1455 1642 1584 1683 tradit
1614 1641 1782 1683 hostiae
1814 1641 2023 1695 linguam,

311 1724 438 1764 quam
479 1713 687 1753 reservari
724 1713 898 1754 solitam
938 1726 1036 1754 esse
1074 1713 1292 1754 sacerdoti
1331 1726 1389 1754 ex
1427 1713 1724 1766 Aristophane
1761 1717 1912 1754 notum
1945 1718 2024 1754 est.

310 1807 367 1811 ——
403 1790 471 1827 ποῖ
509 1786 686 1844 βλέπεις;
726 1782 810 1825 hac
847 1785 1102 1838 quaestione
1140 1785 1396 1826 invocantur
1432 1785 1472 1833 ii,
1519 1785 1591 1838 qui
1636 1785 1790 1826 oeulos
1828 1789 2024 1826 avertunt

310 1860 380 1894 aut
426 1855 592 1907 pudore
639 1855 789 1909 (Epitr.
829 1855 928 1905 441,
969 1868 1078 1896 corr.
1108 1856 1229 1910 Wil.)
1268 1861 1338 1896 aut
1375 1857 1531 1896 timore
1574 1855 1644 1911 (cf.
1684 1853 1801 1897 Sam.
1840 1854 1913 1911 97)
1951 1859 2023 1896 aut

309 1926 579 1978 indiligentia
624 1925 718 1980 (Ar.
759 1927 861 1979 Lys.
906 1926 1003 1969 184.
1044 1926 1144 1976 426,
1184 1926 1470 1968 Mnesimach.
1511 1927 1558 1969 fr.
1597 1929 1638 1976 4,
1677 1925 1748 1976 23,
1790 1925 1846 1968 cf.
1885 1925 2019 1968 Plaut.

309 1997 463 2037 Pseud.
501 1999 688 2051 151qu
722 1997 809 2039 hoc
842 1998 987 2055 loco);
1020 1999 1216 2040 similiter
1245 2005 1315 2044 ποῖ
1341 2003 1520 2059 στρέφεις
1555 1999 1718 2040 dictum
1747 1998 1804 2039 ad
1831 2010 1924 2047 eos,
1947 1998 2021 2051 qui

307 2080 354 2108 se
394 2074 589 2110 avertunt
626 2075 697 2110 aut
734 2071 904 2123 pudore
942 2070 1093 2124 (Peric.
1131 2070 1238 2123 234)
1277 2075 1349 2111 aut
1384 2071 1539 2111 timore
1578 2069 1670 2124 (Ar.
1704 2067 1883 2112 Thesm.
1915 2068 2018 2123 610)

308 2144 377 2179 aut
409 2141 468 2180 ira
499 2140 578 2195 (Pl.
612 2139 778 2195 Amph.
813 2141 917 2183 899.
949 2140 1073 2196 quo1)
1104 2144 1142 2183 te
1171 2140 1419 2194 avortisti?).

447 2226 485 2252 ν.
527 2212 566 2253 2.
624 2214 655 2256 ὦ
693 2219 767 2257 παῖ
799 2215 938 2259 Σωσία
974 2213 1119 2255 Cobet
1155 2213 1309 2254 falsum
1348 2214 1524 2267 putavit,
1570 2213 1702 2266 „quia
1738 2213 1813 2266 qui
1847 2211 1951 2256 dicit
1986 2213 2018 2258 ὦ

304 2288 385 2330 παῖ,
419 2283 547 2324 simul
579 2297 727 2327 nomen
746 2283 903 2327 servuli
923 2297 1009 2326 non
1031 2283 1195 2327 addit‘a
1258 2286 1300 2324 in
1323 2297 1410 2337 quo
1434 2283 1595 2338 aliquid
1617 2285 1729 2324 inest
1748 2283 1858 2324 veri:
1881 2295 2017 2325 cocus

305 2354 447 2405 primo
481 2355 511 2398 ὦ
543 2361 617 2399 παῖ
644 2356 816 2408 clamat,
850 2355 1026 2404 deinde,
1060 2367 1160 2396 cum
1193 2355 1265 2396 ille
1299 2360 1536 2405 cunctetur,
1570 2367 1733 2395 nomen
1763 2354 1896 2396 addit.
1959 2355 2014 2396 cs.

305 2423 419 2464 Sam.
465 2425 548 2467 143
584 2433 657 2470 παῖ
684 2429 915 2487 Παρμένων.
976 2426 1051 2469 Ar.
1083 2427 1180 2470 Pae.
1213 2427 1300 2469 255
1331 2434 1405 2472 παῖ
1431 2433 1505 2472 παῖ
1530 2427 1727 2487 Κυδοιμέ.
1791 2426 1896 2468 Plut.
1927 2425 2015 2470 624

303 2503 375 2540 παῖ
403 2498 578 2556 Καρίων.
643 2497 854 2551 Euangel.
889 2498 937 2543 fr.
964 2501 999 2549 1,
1032 2497 1059 2541 8
1090 2505 1165 2543 παῖ
1191 2500 1372 2559 Δρόμων.

444 2582 510 2608 vv.
546 2569 583 2609 ζ).
619 2569 658 2610 3.
707 2572 846 2622 καλῶς
872 2567 877 2626 Ι
907 2571 990 2630 ἔχει
1021 2570 1062 2610 in
1095 2570 1226 2611 codd.
1252 2569 1380 2610 valde
1404 2574 1470 2611 est
1490 2573 1763 2622 corruptum;
1787 2566 1876 2610 hoc
1897 2569 2013 2610 enim

304 2637 459 2689 legitur
479 2642 594 2684 καλῶ
623 2637 628 2695 Ι
657 2642 789 2701 εὔχου.
852 2644 990 2694 καλῶς
1010 2642 1094 2682 iam
1118 2640 1177 2682 M.
1203 2640 1402 2682 Musurus
1424 2641 1617 2694 restituit,
1640 2642 1724 2701 ἔχει
1746 2638 1812 2681 his
1834 2638 2011 2681 demum

302 2710 573 2762 temporibus
597 2712 652 2751 de
677 2711 971 2753 Wilamowitz.
1021 2716 1159 2765 καλῶς
1181 2719 1224 2752 et
1245 2714 1329 2772 ἔχει
1351 2712 1479 2753 etiam
1500 2711 1635 2753 Peric.
1658 2710 1760 2757 266.
1778 2710 1817 2753 7.
1861 2722 2012 2752 versus
2091 2730 2093 2735 ⁴

303 2778 386 2819 fine
426 2782 604 2821 alterum
646 2782 701 2822 ab
734 2783 871 2824 altero
904 2783 1167 2825 dirimuntur.
1230 2782 1317 2824 hoc
1350 2784 1451 2825 loco
1485 2781 1612 2825 Sosia
1643 2782 1811 2824 interim
1844 2782 2013 2824 viscera

301 2855 542 2902 apportavit
579 2877 637 2882 -—
674 2867 763 2894 non
807 2855 1073 2903 libationem,
1126 2861 1169 2896 ut
1214 2855 1323 2896 falso
1372 2859 1494 2908 putat
1539 2854 1668 2895 Kock
1705 2877 1764 2884 —
1800 2852 1845 2894 id
1889 2853 2010 2907 quod

301 2921 444 2961 laudat
475 2935 621 2966 cocus.

445 3039 468 3081 ¹)
498 3042 582 3072 male
611 3042 771 3075 Fleckeis.
801 3052 902 3086 quor.
