2112 3496
809 320 1102 363 „13-

102 450 270 484 nonen
294 437 522 495 Apollinis
552 439 722 481 Loxiae
755 439 889 481 latere
920 444 1238 492 cognoverunt,
1275 443 1365 479 tum
1397 454 1519 483 -τανι
1556 435 1660 479 nihil
1693 437 1809 481 aliud

102 523 206 555 ene
233 516 384 568 potest
413 512 493 553 nisi
523 510 702 553 Terenti
734 510 1023 565 (sub-Mra.

195 604 201 611 ·
243 583 437 639 priorem
475 583 604 637 igitur
639 595 678 626 v.
715 584 778 623 sic
816 582 918 623 licet
955 581 1207 625 informare:
1244 582 1324 626 ἀπὸ
1361 581 1511 634 Λοξίου
1551 580 1648 635 (w
1676 582 1809 634 Λοξία

100 653 223 709 qnod
254 653 462 696 Meineke
494 659 539 695 et
567 659 672 708 poet
702 666 802 694 eum
826 653 1033 694 Dziatzko
1061 652 1493 701 commendaverunt,
1524 652 1697 694 retineri
1719 665 1808 695 non

100 725 277 781 poterit,
308 730 542 780 postquam
565 724 695 766 Koclr
722 737 825 779 gen.
851 726 980 779 Λοξία
1011 729 1055 764 et
1085 724 1269 766 comicis
1300 729 1345 765 et
1363 723 1539 778 tragicis
1559 723 1808 765 inusitatum

99 797 204 840 'ene
233 797 435 849 monuit).
496 809 596 838 nam
634 798 714 841 &no
744 797 884 856 βωμοῦ
922 796 1190 849 conspicitur
1230 796 1273 836 in
1302 808 1344 836 v.
1375 795 1507 836 simili
1536 794 1672 836 Peric.
1704 793 1807 843 421.

100 872 148 912 et
174 881 342 911 nomen
373 868 447 910 dei
476 881 559 922 pro
591 880 664 909 ara
694 880 772 909 sua
803 868 846 908 in
877 867 1125 909 comoediis
1157 867 1267 920 poni
1293 866 1504 920 probatur
1522 865 1573 908 fr.
1595 864 1703 909 748:
1734 883 1810 911 κα·

100 941 304 1000 &Bellum
337 935 525 985 vivant}
559 943 634 984 τὸν
669 941 822 994 Λοξίαν
848 937 855 995 Ι
883 942 1007 984 αὐτὸν
1042 939 1293 995 καταλαβών
1338 936 1411 993 (cf.
1443 937 1636 980 Mostell.
1670 936 1806 981 1094:

98 1023 173 1067 φο
201 1011 376 1054 Μαίη
404 1009 516 1054 hanc
546 1024 670 1052 aram
700 1008 939 1063 occupabo).
1000 1010 1133 1051 lectio
1171 1011 1251 1054 ἀπὸ
1280 1012 1417 1063 δεξιᾶς
1446 1008 1507 1050 ob
1538 1009 1585 1050 id
1614 1009 1809 1050 maxime

98 1081 344 1125 refellenda
372 1087 451 1130 est,
485 1082 584 1135 quia
616 1082 736 1122 nullo
769 1082 848 1122 nisi
881 1080 969 1122 hoc
1000 1094 1087 1122 uno
1118 1094 1158 1121 v.
1193 1080 1392 1122 Donatus
1423 1084 1595 1134 poterat
1624 1092 1808 1133 compe-

98 1154 183 1196 rire
212 1153 438 1208 Apollinis
469 1166 568 1194 esse
601 1166 717 1194 aram
750 1166 913 1206 nempe
937 1165 1148 1206 nusquam
1170 1151 1272 1193 alibi
1293 1153 1337 1193 in
1358 1151 1596 1193 comoedia
1615 1151 1806 1192 obviam.

99 1225 277 1268 ultimae
307 1225 474 1266 litterae
506 1231 570 1266 ΟΥ
601 1230 805 1278 poterant
840 1225 1061 1278 corrumpi
1093 1224 1135 1264 in
1166 1223 1242 1260 &C
1273 1221 1396 1264 hasta
1432 1223 1604 1264 sinistra
1641 1222 1809 1263 litterae

99 1304 127 1338 Κ
154 1296 212 1339 ad
242 1303 279 1339 Ο
306 1301 452 1338 tracta.
483 1318 540 1325 —
562 1300 610 1340 σὺ
642 1299 829 1356 μυρρίνας
858 1295 960 1336 cod.
993 1300 1146 1336 servat.
1178 1300 1226 1340 σὺ
1258 1294 1497 1335 sescenties
1528 1293 1716 1335 occurrit
1742 1293 1809 1334 sic

100 1367 385 1417 abundanter,
418 1367 648 1409 Terentius
680 1374 823 1408 autem
856 1368 981 1408 vertit
1011 1366 1100 1416 tibi,
1135 1372 1178 1407 ut
1200 1367 1435 1407 lucraretur
1455 1364 1660 1407 iambum.
1713 1376 1805 1406 ace.

100 1442 287 1501 μυρρίνας
316 1440 483 1493 pendet
515 1452 572 1480 ex
603 1438 740 1479 verbo
772 1439 978 1491 quodam,
1011 1437 1132 1492 quod
1164 1443 1299 1491 poeta
1328 1437 1552 1478 Romanus
1590 1436 1811 1490 expressit

100 1511 177 1552 illo
206 1523 339 1555 nme.
401 1510 636 1552 litterarum
678 1510 834 1551 ductus
870 1510 1027 1546 ΧΧΗΕΔ
1064 1509 1219 1550 melius
1261 1509 1474 1562 quadrant
1518 1508 1574 1548 ad
1619 1509 1808 1568 λαβοῦσα

100 1580 204 1637 (tab.
237 1580 315 1630 32;
354 1589 384 1623 Η
410 1601 456 1616 =
483 1588 531 1629 ⁸3
569 1588 636 1623 ΟΥ
673 1582 740 1634 (=
768 1580 840 1635 (ΞΥ)
880 1581 1045 1622 excidit
1076 1586 1174 1621 ante
1211 1579 1296 1635 (ἰὰ)
1329 1592 1458 1633 quam
1490 1581 1713 1640 ἀφελοῦσα,
1748 1579 1808 1620 dc

99 1666 190 1708 quo
219 1653 366 1708 possis
397 1653 592 1706 cogitare
622 1652 726 1693 coll.
760 1651 893 1693 Peric-
926 1666 965 1693 v.
995 1651 1097 1694 422.
1159 1657 1248 1692 tum
1287 1663 1436 1692 versus
1473 1651 1537 1691 sic
1579 1649 1670 1692 fere
1707 1656 1809 1692 sunt

102 1723 383 1766 informandi:

670 1784 750 1827 ἀπὸ
782 1784 934 1837 Λοξίου
970 1786 1019 1827 σὺ
1051 1786 1240 1842 μυρρίνας

384 1850 560 1915 λαβοῦσ’
592 1857 775 1899 ὑπότεινε
807 1886 815 1894 .
851 1889 862 1899 .

99 1927 255 1969 iterum
276 1926 507 1968 Terentius
538 1926 716 1966 nomina
736 1926 915 1979 propria
934 1926 1082 1979 Λοξία,
1104 1930 1147 1966 et
1168 1928 1355 1984 μυρρίνας
1374 1924 1499 1965 vertit
1523 1922 1807 1978 generaliter:

98 2012 180 2042 ara
211 2003 255 2039 et
283 1998 495 2041 verbenas.

785 2114 826 2156 9.
860 2116 927 2165 (ε
956 2114 1013 2157 47
1046 2112 1135 2169 K.).

591 2218 709 2239 ε-υ
740 2201 870 2251 οὕτως
899 2200 1023 2251 αὐτὸς
1054 2199 1161 2243 ἔστιν
1192 2220 1307 2238 -υ-

241 2294 340 2336 Ter.
365 2294 504 2336 Andr.
539 2307 576 2335 ν.
598 2292 699 2343 919,
732 2299 966 2348 postquam
999 2291 1116 2334 Crito
1145 2291 1326 2334 Simone
1360 2297 1404 2333 et
1425 2290 1658 2333 Chremete
1680 2303 1807 2345 prae·

97 2365 295 2409 sentibus
326 2366 561 2408 enuntiavit
591 2364 841 2417 Glycerium
874 2365 1015 2406 civem
1048 2362 1237 2406 Atticam
1271 2376 1384 2414 esse,
1416 2362 1533 2404 hunc
1553 2363 1596 2403 in
1623 2362 1804 2404 modum

99 2436 309 2481 rixantur:

242 2507 301 2551 Si.
332 2507 613 2563 symphonia!
663 2507 732 2550 Cr.
765 2506 876 2550 hem!
927 2506 1025 2548 Chr.
1055 2508 1130 2557 εἰσ,
1161 2504 1291 2554 Crito,
1324 2509 1383 2548 est
1413 2504 1502 2547 hic:
1532 2505 1661 2547 mitte.

1095 2576 1162 2619 Cr.
1196 2576 1337 2619 videat
1366 2577 1440 2630 qui
1469 2577 1568 2619 siet:

239 2651 280 2694 si
308 2649 416 2693 mihi
439 2653 586 2705 perqet
616 2662 724 2704 quae
753 2649 835 2692 mle
866 2650 1014 2702 dicere,
1047 2663 1095 2691 ea
1126 2662 1234 2702 quae
1263 2662 1348 2691 non
1378 2646 1463 2690 volt
1492 2646 1650 2690 audiet.

98 2722 156 2764 ad
184 2722 319 2763 verba
349 2723 422 2775 sic,
455 2720 588 2774 Crito,
619 2724 679 2763 aet
708 2720 797 2763 hic:
831 2719 972 2777 mitte]
1005 2726 1181 2761 annotat
1214 2719 1431 2760 Donatus·

0 2835 13 2864 4
99 2793 160 2848 (4)
191 2792 454 2835 Menander.
487 2796 616 2845 οὕτως
647 2793 772 2844 αὐτὸς
800 2793 925 2837 ἔστιν.

241 2863 473 2905 Buttmann
504 2867 632 2917 οὕτως
662 2866 786 2916 αὐτὸς
815 2863 925 2908 ἔστιν
955 2863 1107 2903 mutari
1139 2861 1259 2902 iubet
1290 2862 1332 2902 in
1369 2865 1498 2914 οὕτως
1528 2861 1651 2914 οὗτος
1681 2861 1803 2908 ἔστιν

0 2926 10 2942 ’
34 2997 35 3000 ¹
97 2936 180 2977 sed
210 2936 339 2978 nimis
371 2936 445 2978 ille
476 2937 634 2989 pressit
664 2936 848 2989 vestigia
878 2935 1067 2984 Terenti,
1106 2936 1180 2988 qui
1211 2934 1401 2987 scripsit:
1433 2933 1496 2976 sic
1532 2935 1634 2976 est
1669 2930 1802 2975 .1ιι”ο.

99 3006 236 3048 immo
267 3007 415 3048 omnia
446 3013 563 3049 recte
596 3020 645 3048 se
677 3005 853 3054 habent,
885 3006 1054 3048 scilicet
1085 3005 1214 3047 nobis
1247 3004 1504 3047 discendum
1537 3009 1604 3045 est
1624 3008 1803 3057 poetam
