2112 3496
1001 315 1268 358 —2-

278 438 440 479 siculos
458 436 772 477 commentario
795 435 1011 475 interdum
1033 435 1223 476 inserere
1246 448 1408 489 operae
1431 436 1618 490 pretium
1640 437 1819 490 putavit,
1841 440 1990 479 tamen

277 509 484 562 gaudium
519 512 713 547 nostrum
746 508 845 560 plus
878 519 1008 559 quam
1041 507 1182 547 semel
1213 506 1487 560 perturbatur
1516 507 1754 549 litterarum
1787 507 1990 550 ductibus

278 580 391 621 adeo
427 578 686 632 depravatis,
720 582 765 618 ut
795 578 916 618 initio
949 579 1034 618 iam
1067 576 1172 619 nihil
1202 583 1328 631 putes
1360 591 1495 632 posse
1528 579 1737 632 indagari.
1799 579 1882 621 sed
1915 580 1990 633 qui

279 651 436 692 diutius
469 650 524 690 de
556 649 701 690 verbis
735 648 914 690 Graecis
946 649 1064 703 apud
1095 649 1216 690 illum
1247 650 1412 691 traditis
1454 649 1728 703 quaesiverit,
1767 649 1891 692 brevi
1926 650 1990 692 in·

276 723 463 775 telleget
493 734 586 761 rem
618 734 708 761 non
739 724 827 761 tam
863 733 961 761 esse
994 720 1285 774 desperatam.
1335 720 1541 762 omnibus
1585 721 1715 771 enim,
1738 733 1851 775 quae
1872 726 1992 763 certa

275 794 458 837 ratione,
476 796 672 833 correcta
705 804 802 833 esse
835 793 937 833 satis
970 797 1154 842 constat,
1189 792 1281 833 aliis
1313 805 1414 833 cum
1445 793 1537 834 aliis
1561 793 1732 834 collatis
1753 792 1991 834 litterarum

277 869 577 918 corruptarum
609 864 734 917 leges
773 864 990 917 quaedam
1037 864 1304 905 certissimae
1351 869 1537 917 possunt
1582 864 1777 906 inveniri.
1845 864 1990 918 itaque

277 936 458 976 librariis
490 935 573 975 illis
613 935 775 975 Donati
814 935 1018 977 codicum
1057 949 1147 976 non
1182 940 1271 976 tam
1308 935 1665 977 maledicendum
1704 948 1835 989 quam
1872 935 1991 976 laudi

275 1007 555 1048 tribuendum
589 1011 668 1056 est,
703 1007 823 1059 quod
856 1020 911 1047 ne
944 1007 1122 1047 minima
1153 1007 1333 1060 quidem
1364 1007 1539 1060 linguae
1573 1006 1767 1048 Graecae
1806 1006 1992 1048 scientia

277 1079 408 1125 adiuti
443 1079 550 1118 mira
583 1077 670 1118 fide
704 1083 833 1131 atque
867 1079 1111 1119 sinceritate
1144 1078 1306 1119 litteras
1338 1078 1469 1131 plane
1502 1079 1675 1131 ignotas
1709 1091 1842 1130 quam
1862 1081 1990 1132 pote·

276 1154 370 1192 rant
402 1150 724 1190 accuratissime
775 1150 1082 1203 depinxerunt.
1146 1162 1278 1203 quare
1315 1150 1510 1202 inprimis
1547 1149 1736 1190 vocibus
1772 1162 1990 1203 gramma-

275 1223 383 1271 ticis,
425 1234 535 1274 quae
575 1222 659 1262 iam
697 1225 797 1262 sunt
835 1226 1078 1271 correctae,
1118 1221 1289 1263 collatis
1327 1221 1520 1262 tabulam
1554 1221 1733 1261 instruxi
1765 1224 1991 1274 corrupte-

276 1294 412 1334 larum
453 1293 715 1333 usitatarum.
779 1293 1014 1333 litterarum
1053 1292 1214 1334 formas
1254 1306 1278 1333 e
1325 1292 1550 1334 Wessneri
1581 1292 1776 1332 editione
1806 1293 1990 1345 sumpsi.

276 1365 365 1405 duo
397 1378 562 1418 genera
594 1364 855 1404 mendorum
889 1364 1094 1418 distingui
1126 1368 1329 1418 possunt:
1363 1364 1496 1405 altera
1527 1376 1638 1416 quae
1666 1364 1709 1404 in
1747 1363 1989 1412 oculorum,

277 1436 410 1476 altera
441 1449 550 1488 quae
583 1436 627 1476 in
659 1436 821 1476 aurium
854 1436 998 1489 posita
1030 1439 1130 1476 sunt
1161 1448 1318 1476 errore.
1380 1439 1603 1488 ponuntur
1634 1438 1797 1474 autern:

847 1577 965 1599 errore
1710 1573 1829 1596 errore

1435 1598 1497 1630 pro
1540 1564 1543 1610 1

276 1615 367 1706 ΝΟ“Ι
403 1614 488 1645 falsa
553 1601 647 1669 rgffa
677 1661 679 1705 Α
746 1638 909 1680 graphico
986 1614 1111 1695 9¹:32⁸*
1143 1613 1211 1646 ΝΟ·
1268 1613 1352 1645 “¹³⁸
1385 1658 1389 1704 l
1418 1640 1512 1667 recta
1610 1634 1773 1678 graphice
1850 1610 1981 1690 plax-

322 1759 344 1800 1
409 1777 446 1806 ὸ
678 1721 683 1828 >
770 1760 856 1802 Δ,Λ
1014 1761 1048 1796 O
1158 1757 1211 1799 18
1266 1758 1297 1791 Μ
1541 1724 1545 1838 Ι
1580 1755 1640 1800 Nl,
1658 1760 1685 1798 φ

321 1831 347 1872 2
411 1848 487 1877 διὰ
771 1832 801 1864 Μ
1158 1828 1212 1871 19
1266 1839 1305 1864 m
1406 1760 1429 1891 }
1542 1846 1545 1867 ,
1579 1825 1640 1871 ΠΙ,
1658 1827 1731 1862 nel

320 1904 346 1946 3
410 1913 460 1949 &l
770 1903 801 1935 Μ
1154 1899 1212 1943 20
1270 1902 1298 1934 Ν
1581 1894 1625 1944 Π»
1647 1900 1689 1943 Η,
1709 1898 1751 1933 Νι

320 1976 347 2017 4
403 1974 427 2006 Β
776 1975 802 2007 Ρ
1155 1971 1210 2014 21
1268 1973 1322 2007 ΝΙ
1578 1971 1640 2005 ΛΗ

320 2046 347 2088 5
405 2045 431 2077 Γ
770 2047 814 2090 Τ,
833 2041 859 2082 C
1156 2042 1212 2086 22
1268 2044 1300 2078 0
1579 2047 1615 2086 ε,
1634 2046 1661 2084 φ
1881 2038 1928 2072 ω

322 2119 348 2161 6
406 2116 462 2149 ΓΓ
772 2118 796 2150 Β
1156 2114 1212 2157 23
1270 2115 1298 2148 Π
1579 2113 1706 2158 Timr,
1721 2114 1804 2158 Η,Ν

323 2192 346 2231 7
407 2187 448 2222 ΓΙ
772 2189 801 2223 Π
1156 2186 1212 2228 24
1268 2187 1306 2231 R,
1320 2197 1340 2221 r
1580 2181 1808 2230 Κ,Χ,Η,Γ,Υ

322 2263 348 2303 8
404 2257 435 2291 Δ
1016 2259 1048 2290 Τ
1157 2258 1212 2301 25
1268 2258 1306 2302 Ρ»
1323 2269 1349 2307 Ρ
1581 2257 1630 2302 Π,
1644 2257 1683 2301 (⁴2,
1701 2260 1741 2303 Φ,
1765 2257 1791 2292 Ρ

323 2333 349 2374 9
404 2330 427 2362 e
771 2333 816 2377 o,
834 2329 855 2369 c
872 2360 881 2377 ,
899 2333 933 2367 o
1016 2332 1044 2366 Η
1155 2329 1212 2372 26
1267 2325 1299 2365 G
1579 2329 1627 2374 ο,
1642 2330 1675 2363 τ
1880 2319 1916 2360 Χ

295 2406 350 2448 10
405 2402 432 2435 Η
774 2406 816 2448 Ν,
836 2405 864 2438 ΓΙ
1017 2400 1069 2447 ΕΙ,
1091 2403 1098 2438 1
1155 2401 1211 2443 27
1267 2401 1298 2434 Τ
1579 2400 1620 2444 Λ,
1638 2399 1680 2446 Γ,
1699 2400 1737 2444 Ρ,
1755 2398 1789 2438 C

295 2477 347 2518 11
404 2473 436 2506 o
772 2479 813 2521 φ,
831 2478 853 2510 ε
1016 2474 1049 2507 τ
1156 2472 1212 2515 28
1269 2475 1311 2509 τι
1580 2465 1629 2510 Π,
1650 2466 1697 2501 ΠΙ

295 2548 348 2590 12
406 2543 412 2579 1
771 2548 814 2591 Τ,
837 2549 866 2580 Υ
1016 2547 1058 2592 Η,
1075 2549 1103 2580 Y
1155 2543 1212 2587 29
1267 2550 1296 2581 Y
1579 2532 1615 2573 Χ
1883 2535 1892 2569 Ι

294 2619 349 2660 13
406 2611 430 2648 ΙΙ
772 2619 797 2653 Γ·
1156 2614 1213 2658 30
1267 2631 1291 2668 y
1388 2577 1391 2647 i
1578 2609 1621 2653 Ψ,
1641 2607 1675 2642 C

294 2690 348 2732 14
406 2693 450 2727 ΙΤ
771 2691 800 2725 Π
1156 2686 1210 2730 3¹.
1269 2697 1296 2735 Φ
1582 2682 1627 2727 O,
1646 2681 1679 2714 C

294 2762 347 2802 15
406 2765 430 2797 κ
773 2763 815 2807 ι-ι,
838 2758 873 2799 Χ
1015 2762 1042 2795 Χ
1156 2757 1182 2801 3
1269 2761 1305 2803 Χ
1581 2756 1623 2799 Λ,
1638 2754 1669 2789 ὰ

295 2832 348 2873 16
403 2837 427 2868 ι.
770 2834 796 2867 Ρ
1156 2830 1235 2894 33Ι
1268 2838 1315 2871 ω
1879 2821 1914 2856 0

295 2904 347 2944 17
367 2877 369 2943 Ἴ
406 2906 458 2938 ιε
523 2860 526 2962 fl
771 2907 817 2938 ω
977 2865 981 2970 1
1230 2902 1234 2970 4

567 3013 649 3052 iam
685 3012 786 3052 licet
819 3012 873 3053 ad
907 3024 997 3051 rem
1032 3010 1260 3051 accedere.
