2112 3496
1022 308 1317 351 ..16-

628 429 857 482 audireque
887 427 1070 470 mirumst
1099 440 1247 480 operae
1271 428 1457 480 pretium
1487 426 1737 470 audaciam:

628 513 729 542 nam
760 499 977 552 iuceptiost
1008 498 1254 551 amentium,
1286 497 1405 539 haud
1435 497 1685 540 amantium

458 572 577 624 quod
610 585 696 623 quo
730 571 818 611 iure
851 569 1015 618 fecerit,
1049 582 1139 609 non
1169 572 1318 622 potest
1348 568 1558 622 intellegi.
1603 581 1705 609 uam
1738 573 1806 609 est
1824 569 1949 623 τόπος
1969 570 2027 611 de

315 644 473 684 amoris
505 647 736 696 potestate,
772 641 946 694 qualem
974 641 1105 681 Kock
1137 645 1256 681 recte
1289 639 1413 681 affert
1444 639 1602 682 Caecil.
1619 638 1708 682 259
1724 652 1782 685 ss.
1805 639 1859 695 (R
1878 638 2025 696 1176):

461 712 676 768 <profacto
707 711 932 768 Amorem>
970 711 1094 754 deum
1124 713 1198 766 qui
1228 724 1314 754 non
1343 724 1557 753 summum
1579 713 1715 763 putet,
1747 723 1858 767 eqs.;
1895 724 2028 765 quem

314 789 434 830 τόπον
471 790 604 838 poeta
640 784 825 834 Atticus,
865 797 997 837 quem
1035 783 1109 824 ille
1146 788 1320 824 secutus
1360 787 1438 832 est,
1482 783 1712 836 repetiisse
1748 787 1933 838 apparet
1969 795 2029 824 ex

313 849 530 911 Euripidis
561 855 706 909 Auge,
740 857 782 896 in
815 869 900 908 qua
931 855 1077 896 fabula
1107 853 1218 896 haec
1251 854 1482 896 exstabant
1512 853 1582 911 (=
1605 854 1653 895 fr.
1688 853 1776 896 269
1791 852 1869 911 N):

646 929 820 988 Ἔρωτα
848 928 888 972 δ’
922 930 1034 980 ὅστις
1064 929 1119 988 μὴ
1152 929 1250 971 θεὸν
1280 929 1402 987 κρίνει
1433 930 1560 987 μέγαν
1589 929 1681 970 κτλ.

314 1000 503 1041 eundem
541 999 688 1040 locum
727 1012 1009 1039 communem
1046 999 1170 1039 vides
1207 999 1413 1039 variatum
1451 998 1495 1038 in
1533 997 1695 1038 Herois
1733 997 2030 1039 Menandreae

314 1071 558 1124 fragmento
591 1071 783 1123 quodam
820 1069 920 1124 (209
938 1069 1029 1124 K.):

727 1141 917 1197 δέσποιν’,
946 1139 1134 1201 ’Ἑρωτος
1166 1144 1281 1186 οὐδὲν
1313 1143 1438 1201 ἰσχύει
1468 1143 1603 1185 πλέον.

455 1214 536 1254 sed
557 1215 600 1254 in
621 1214 704 1254 illis
726 1228 792 1254 vv.
817 1214 1090 1254 Terentianis
1113 1211 1217 1253 nihil
1241 1212 1456 1254 eiusmodi
1479 1216 1628 1265 potest
1645 1212 1838 1254 inveniri.
1883 1221 2029 1265 neque

313 1299 416 1326 vero
450 1286 539 1326 ullo
573 1285 708 1326 altero
738 1284 910 1325 fabulae
932 1285 1035 1326 loco
1058 1283 1349 1338 fragmentum
1373 1283 1690 1324 Menandreum
1712 1294 2029 1338 recognosces,

315 1362 358 1397 ut
389 1357 664 1400 statuendum
697 1357 751 1398 sit
782 1361 974 1410 poetam,
1007 1361 1054 1397 ut
1085 1356 1260 1410 saepius
1289 1355 1402 1405 fecit,
1436 1355 1635 1396 omisisse
1658 1355 1906 1408 longiorem
1929 1347 2028 1395 sen*-

314 1429 491 1469 tentiam
525 1427 851 1482 philosopham.
902 1428 983 1469 sed
1015 1428 1089 1468 ubi
1121 1428 1164 1468 in
1197 1427 1432 1468 comoedia
1463 1427 1640 1476 steterit,
1675 1427 1879 1467 conicere
1911 1426 2027 1467 licet.

314 1503 532 1545 ἐπισκοτεῖν
564 1500 681 1540 idem
717 1504 782 1541 est
813 1505 942 1553 atque
974 1498 1233 1548 inumbrare,
1273 1499 1299 1539 i.
1333 1511 1371 1541 e.
1406 1502 1478 1538 aut
1507 1498 1690 1540 invisum
1720 1497 1861 1552 facere
1897 1495 2031 1552 (velut

314 1571 360 1612 fr.
384 1571 486 1625 485)
520 1577 591 1612 aut
623 1570 818 1624 (mentem
848 1571 1050 1626 hominis)
1074 1570 1340 1624 perturbare.
1393 1569 1508 1622 atqui
1531 1567 1794 1622 Pamphilus,
1828 1569 1949 1610 cuius
1971 1569 2029 1610 de

314 1656 461 1684 amore
496 1643 645 1696 agitur,
681 1643 914 1696 aliquando
946 1656 1030 1703 pro
1062 1642 1254 1696 Glycerii
1286 1642 1371 1682 vita
1402 1642 1562 1681 timens

701 1714 800 1757 bene
830 1714 1148 1757 dissimulatum
1177 1725 1363 1756 amorem
1393 1717 1430 1755 et
1461 1711 1638 1754 celatum

315 1786 518 1826 indicavit
549 1785 704 1840 (Andr.
737 1785 820 1827 131
840 1784 968 1839 sqq.)‚
1003 1785 1172 1826 scilicet
1203 1798 1351 1826 amore
1385 1784 1595 1824 incitatus.
1657 1782 1814 1836 quibus
1850 1782 2031 1824 narratis

316 1856 527 1910 Pamphili
564 1862 699 1910 pater,
740 1858 811 1910 qui
843 1858 887 1897 in
919 1856 1150 1898 Menandri
1180 1855 1348 1897 Andria
1386 1854 1742 1908 proloquebatur,
1782 1853 1909 1896 facile
1946 1866 2029 1907 po-

315 1934 422 1969 terat
454 1929 616 1969 addere
650 1927 762 1969 hanc
794 1929 1073 1970 sententiam:

1170 2001 1219 2043 τὸ
1250 1998 1289 2043 δ’
1308 2000 1418 2058 ,ἐρᾶν
1450 2000 1656 2042 ἐπισκοτεῖ

743 2074 901 2126 ἅπασιν,
935 2076 989 2124 ὡς
1019 2071 1138 2125 ἔοικε,
1171 2073 1241 2114 καὶ
1270 2075 1356 2122 τοῖς
1387 2071 1570 2128 εὐλόγοις

741 2146 810 2187 καὶ
841 2149 926 2196 τοῖς
956 2150 1093 2195 κακῶς
1124 2143 1292 2202 ἔχουσιν.

460 2343 686 2384 Menandri
710 2343 903 2385 Andriae
936 2344 1227 2386 abiudicanda
1258 2355 1423 2384 censeo
1456 2341 1567 2383 haec
1598 2343 1685 2383 duo
1709 2341 1950 2395 fragmenta
1971 2338 2030 2382 ab

319 2414 557 2455 editoribus
591 2414 813 2468 hucusque
846 2415 1017 2457 fabulae
1050 2416 1240 2458 addicta:

973 2532 1057 2592 [12.
1093 2535 1158 2589 (=
1183 2533 1239 2576 39
1271 2531 1372 2589 K.).]

794 2622 995 2677 εὑρετικὸν
1026 2618 1125 2663 εἶναί
1154 2634 1253 2678 φασι
1282 2620 1355 2672 τὴν
1387 2619 1551 2677 ἐρημίαν

795 2692 831 2733 οἱ
862 2693 936 2742 τὰς
967 2691 1091 2750 ὀφρῦς
1124 2690 1314 2749 αἴροντες.

461 2782 557 2822 Ter.
583 2781 721 2824 Andr.
751 2798 817 2825 vv,
847 2783 947 2826 406.
983 2785 1020 2825 7.
1087 2785 1233 2825 Davus
1267 2783 1323 2824 de
1357 2782 1536 2825 Simone
1568 2782 1739 2835 nuptias
1771 2779 1863 2821 fore
1895 2779 2029 2821 simu·

323 2851 469 2898 laturo,
506 2866 602 2893 cum
636 2855 782 2905 prodit
814 2856 886 2895 ille
920 2856 961 2895 in
993 2868 1211 2904 scaenam,
1244 2853 1351 2896 haec
1384 2854 1507 2895 dicit:

703 2927 813 2967 venit
845 2926 1068 2968 meditdtus
1099 2926 1295 2969 alicunde
1326 2939 1376 2969 ex
1406 2924 1492 2969 solo
1523 2923 1630 2967 loco.-

703 2997 933 3039 orationem
963 3002 1102 3049 sperat
1134 2998 1338 3040 invenisse
1367 3010 1423 3040 se.
