2112 3496
1064 322 1357 364 „38-

501 440 656 482 Suidas
688 439 812 481 6051)
847 442 914 493 (=
945 440 1078 481 Bekk.
1111 442 1264 482 anecd.
1290 442 1394 494 452)
1427 444 1750 502 ἀσκαλαβώτης·
1784 444 1806 486 ὁ
1835 445 2064 501 γαλεώτης.

358 516 445 572 οὐχὶ
495 514 740 571 καλαβώτης
790 515 973 571 λέγουσι·
1029 516 1189 571 μᾶλλον
1234 516 1283 557 δὲ
1328 518 1554 572 γαλεώτην.
1622 516 1873 574 Μένανδρος·
1926 516 2066 559 οὑτοσὶ

358 583 624 637 (οὑτωσὶεΧῘ;
658 584 847 637 οὕτως1);
882 583 1050 632 anecd„
1084 584 1127 623 in
1150 597 1236 636 quo
1261 585 1435 639 desinit)
1466 588 1514 629 δὲ
1545 588 1758 642 γαλεώτης
1787 588 1929 645 γέρων,
1982 584 2063 625 Pli-

356 656 449 696 nius
482 668 521 695 n.
554 653 593 694 h.
628 653 776 705 :29‚÷30:
811 652 926 695 hunc
959 653 1207 710 (stelionem)
1241 654 1395 697 Graeci
1427 655 1640 709 colotem2)
1678 660 1839 697 vocant
1869 660 1914 697 et
1944 668 2063 698 asca·

356 726 516 768 labatem
549 730 591 765 et
621 724 812 779 yaleoten
845 759 852 765 .
879 761 887 770 .
911 759 920 768 .
956 731 1022 766 est
1054 727 1168 767 enim
1201 725 1273 767 hic
1303 727 1462 780 plenus
1494 727 1715 780 lentigine.

498 795 584 836 hoc
616 794 818 837 scholion
843 797 1002 837 Donati
1036 803 1078 838 et
1105 798 1247 851 ipsum
1271 811 1446 851 quoque
1469 798 1659 839 Probum
1680 798 1806 852 sapit,
1839 798 1912 852 qui
1933 798 2062 839 etiam

355 868 597 921 Vergilium
629 881 792 910 errasse
825 869 1084 921 aliquotiens
1116 869 1341 912 adnotarit.
1395 882 1526 923 quem
1554 874 1749 923 apertum
1773 874 1840 911 est
1859 867 1932 911 hic
1952 869 2062 910 lexi-

354 938 627 993 cographum
667 940 855 992 aliquem
894 939 1107 981 Graecum
1145 939 1408 990 adhibuisse,
1458 941 1631 994 qualem
1680 942 1809 982 etiam
1856 953 1966 982 unus
2005 941 2062 982 de

354 1011 473 1050 Plinii
512 1010 759 1051 auctoribus
796 1011 966 1051 videtur
1003 1017 1176 1052 secutus
1216 1025 1335 1062 esse3
1375 1025 1475 1053 nam
1514 1013 1637 1053 Plinii
1673 1012 1818 1054 verbis
1855 1015 1916 1055 est
1950 1013 2064 1055 enim

353 1083 420 1124 hic
445 1081 600 1135 plenus
632 1083 832 1136 lentiyine
870 1084 1022 1123 mirum
1064 1070 1270 1136 quantum
1309 1085 1514 1124 convenit
1551 1097 1648 1125 cum
1683 1084 1946 1139 zentiqinosis
1975 1082 2061 1125 illis

353 1154 526 1195 Donati.
587 1154 706 1195 velut
737 1154 793 1194 de
827 1155 1022 1207 Didymo
1055 1161 1203 1207 potest
1231 1156 1426 1209 cogitari,
1460 1156 1580 1196 cuius
1612 1168 1645 1196 s.
1669 1169 1707 1197 v.
1737 1159 1953 1217 γαλεώτης
1974 1154 2063 1197 hoc

353 1226 570 1266 exstitisse
592 1225 824 1278 probabile
851 1231 918 1267 est
937 1226 1149 1270 stelionem
1172 1240 1258 1269 esse
1279 1227 1444 1269 animal
1466 1230 1674 1287 φακῶδεςς
1708 1226 1761 1268 cf.
1786 1224 2061 1280 Hesychium

351 1310 382 1337 s.
404 1311 441 1337 v.
470 1301 616 1357 φακός·
651 1333 660 1341 .
685 1333 695 1342 .
720 1333 729 1342 .
758 1300 828 1342 καὶ
849 1302 1043 1358 μέλασμά
1063 1316 1103 1343 τι
1126 1287 1165 1342 ἐν
1187 1305 1239 1359 τῇ
1261 1298 1366 1358 ὄψει.
1414 1297 1596 1339 fortasse
1618 1298 1753 1339 verba
1774 1297 2058 1348 Menandrea,

352 1382 462 1421 quae
486 1370 639 1409 eadem
665 1367 808 1410 adhuc
830 1370 990 1423 scripta
1011 1370 1198 1423 legimus
1222 1371 1339 1423 apud
1362 1368 1555 1422 Suidam,
1589 1383 1613 1410 a
1637 1369 1940 1411 commentarii
1961 1382 2061 1411 auc-

350 1445 443 1481 tore
466 1439 800 1493 haudquaquam
825 1454 883 1481 ex
904 1442 999 1495 ipsa
1020 1441 1177 1490 sabula,
1202 1442 1282 1482 sed
1306 1455 1330 1482 e
1353 1442 1501 1482 lexico
1524 1441 1695 1483 Graeco
1716 1446 1815 1483 sunt
1835 1445 2058 1495 excerpta.

491 1526 529 1552 ν.
564 1512 605 1562 1.,
639 1525 767 1565 quam
801 1511 983 1554 exhibet
1005 1511 1160 1554 Suidas
1193 1516 1332 1558 οὑτοσὶ
1352 1516 1400 1558 δὲ
1426 1531 1465 1573 γ.
1489 1530 1544 1573 γ.,
1578 1517 1782 1567 corrupta
1810 1513 1981 1554 videtur
2001 1525 2060 1553 ex

351 1584 471 1636 οὗτός
503 1587 605 1630 ἐστι.

992 1679 1032 1722 5.
1069 1679 1132 1735 (=
1165 1679 1287 1722 193b
1322 1680 1405 1734 K.).

1084 1762 1138 1819 [ἐν
1171 1761 1321 1824 ῥίσκῳ].

492 1858 648 1898 Pollux
683 1858 751 1908 10,
774 1858 879 1901 137:
914 1861 1130 1919 σιτοβόλια
1159 1864 1269 1919 παρὰ
1299 1866 1384 1912 τοῖς
1413 1864 1656 1919 νεωτέροις·
1680 1860 1820 1919 ῥίσκον..

491 1928 668 1970 Photius
707 1943 740 1972 s,
775 1944 813 1971 V.
855 1933 1008 1990 ῥίσκος·
1059 1933 1080 1975 ὁ
1111 1936 1167 1976 τὰ
1204 1933 1485 1990 ἀργυρώματα
1522 1933 1623 1991 ἔχων
1659 1935 1728 1976 καὶ
1763 1933 1814 1975 τὸ
1850 1931 2058 1990 πρόχειρον

348 2003 545 2060 ἀργύριον.
611 2000 720 2042 haec
753 2002 982 2043 reserenda
1013 2003 1068 2044 ad
1100 2003 1199 2044 Ter.
1233 2002 1340 2045 Eun.
1374 2017 1412 2044 v.
1449 2003 1547 2051 754,
1582 2002 1655 2043 ubi
1686 2000 1819 2043 Thais
1850 2000 2058 2042 meretrix

348 2077 390 2112 et
421 2071 595 2124 Pythias
628 2073 785 2114 ancilla
816 2072 928 2114 haec
959 2074 1286 2127 colloquuntur:

518 2145 589 2186 abi
620 2144 678 2196 ίά,
710 2144 925 2198 cistellam,
960 2145 1152 2200 Pythias,
1186 2145 1305 2188 domo
1337 2146 1449 2198 ecfer
1479 2158 1573 2187 cum
1604 2135 1885 2187 monumentis

631 2247 640 2256 .
665 2247 674 2256 .
698 2248 707 2256 .
741 2219 788 2265 ssss
818 2215 892 2258 abi
921 2215 1077 2258 sitdst?
1106 2219 1152 2265 ssl:
1184 2217 1231 2258 in
1261 2217 1392 2259 risco:
1424 2216 1570 2258 odiosa
1600 2228 1748 2259 cessa-e.

347 2285 414 2341 (cf.
449 2285 582 2328 Peric.
616 2285 733 2340 332).
766 2310 825 2317 —
855 2288 976 2340 quod
1015 2287 1303 2340 fragmentum
1342 2300 1431 2327 non
1473 2287 1609 2328 debet
1639 2285 1916 2328 commisceri
1951 2297 2053 2327 cum

347 2357 481 2397 altero
515 2359 758 2418 σιτοβόλιον,
795 2359 838 2398 id
871 2359 992 2411 quod
1024 2359 1127 2400 fecit
1159 2358 1300 2399 Kock.

1008 2488 1047 2531 6.
1083 2488 1151 2544 (=
1186 2487 1272 2531 190
1304 2488 1389 2543 K.).

345 2569 417 2623 έρο
449 2571 618 2613 ἀρονάηι
650 2573 780 2616 vitdm
810 2573 1030 2627 propterea
1061 2571 1359 2626 sempiternam
1391 2585 1477 2614 esse
1506 2571 1705 2625 άνόίίνόν,

344 2640 452 2693 quod
481 2642 714 2696 voluptdtes
744 2644 888 2686 ebrum
913 2642 1116 2698 pr6priae
1145 2644 1261 2686 saint:
1293 2658 1395 2687 nam
1426 2643 1533 2686 mihi
1562 2641 1866 2687 immortalitas

336 2712 519 2763 pdrtast,
552 2706 591 2755 εἰ
621 2715 741 2757 nulla
772 2715 993 2770 αέρνίείιάο
1024 2715 1123 2758 huic
1151 2715 1309 2769 yat‘adio
1339 2715 1630 2757 intercesserit.

343 2783 412 2823 sed
433 2785 553 2836 quem
575 2799 645 2838 eqo
667 2787 774 2829 mihi
798 2788 1082 2840 potissumum
1103 2787 1302 2842 exoptem,
1335 2785 1437 2828 Ῑιάεο
1456 2786 1556 2840 quoi
1575 2781 1687 2828 minc
1707 2785 1891 2838 narrem,
1921 2783 2052 2829 dari?

489 2903 510 2941 ¹)
539 2903 821 2936 Menandreorum
849 2905 1046 2944 frustulum;
1073 2915 1149 2937 nam
1174 2903 1261 2940 οὕτω
1286 2902 1479 2948 Μένανδρος
1503 2909 1560 2936 tut
1579 2901 1771 2948 Μένανδρος
1787 2903 1893 2936 citant
1908 2902 2049 2946 ntiqui,

343 2970 411 2991 non
437 2959 627 3005 Μένανδρος
652 2963 765 3003 οὕτως.

486 3020 514 3059 ⁷)
540 3032 668 3053 nonne:
694 3020 935 3066 cal<ab>otcn?
