2112 3496
1042 349 1333 391 .-70...

1356 466 1450 523 (καὶ
1480 469 1630 526 κακὸν>

677 540 783 585 οἴκοι
815 545 941 599 μένειν
972 544 1048 599 χρὴ
1082 543 1152 584 καὶ
1184 544 1312 599 μένειν
1343 543 1556 600 ἐλεύθερον
1588 564 1645 570 -

616 611 656 652 2.
674 614 699 666 ἢ
732 611 870 670 μηκέτ’
906 611 1005 655 εἶναι
1036 614 1107 655 τὸν
1137 615 1275 664 καλῶς
1306 614 1539 671 εὐδαίμονα.

331 683 430 732 hoc,
465 690 509 724 ut
540 683 712 736 opinor,
747 683 1041 735 unusquisque
1074 683 1193 724 videt
1224 697 1262 724 ν.
1299 683 1324 723 2
1358 683 1652 736 appendicem
1677 696 1776 725 esse
1807 684 1864 725 ad
1894 685 2039 726 solum

332 757 540 814 ἐλεύθερον
572 767 610 797 v,
645 755 684 796 1.
725 752 812 794 hoc
860 754 984 794 dicit:
1034 753 1211 796 liberum
1242 757 1280 795 et
1310 755 1543 809 inqenuum
1587 755 1727 797 virum
1770 754 1882 798 deoet
1925 755 2041 799 domi

329 840 509 874 manere,
542 828 567 881 ἢ
600 822 743 885 μηκέτ’
776 825 874 870 εἶναι
904 829 975 870 τὸν
1006 827 1146 878 καλῶς
1176 827 1408 886 εὐδαίμονα.
1442 827 1506 866 sic
1539 826 1798 868 dissentiunt
1821 827 1967 871 docti:

473 902 547 939 aut
575 898 716 950 potius
745 897 874 939 mori:
937 896 1084 939 Grote.

472 972 547 1010 aut
579 983 599 1010 e
630 969 843 1010 beatorum
873 967 1043 1011 illorum
1075 982 1248 1010 numero
1279 969 1479 1021 recedere,
1512 983 1597 1012 non
1627 973 1673 1011 ut
1694 969 1810 1023 apud
1840 968 2041 1013 Grotium

614 1043 697 1081 est:
730 1045 801 1080 aut
831 1040 976 1093 potius
1010 1040 1139 1080 mori:
1173 1039 1377 1081 Meineke
1410 1041 1451 1081 V
1483 1040 1582 1082 248.

472 1117 543 1152 aut
575 1112 719 1164 potius
752 1112 861 1151 mori
897 1110 1075 1154 Grotius
1104 1115 1211 1154 reete
1241 1113 1556 1165 interpretatur,
1589 1112 1699 1166 quod
1728 1126 1872 1156 moneo
1892 1115 2040 1156 eontra

614 1182 899 1225 Meinekium:
981 1183 1133 1224 vKock.

330 1260 464 1299 immo
498 1254 703 1295 Meineke
736 1259 855 1295 recte
888 1255 1193 1308 interpretatus
1227 1260 1292 1296 est
1313 1255 1448 1296 verba
1469 1261 1644 1308 poetae.
1684 1269 1784 1296 nam
1807 1254 1897 1297 hoe
1917 1256 2040 1300 dicit:

331 1328 431 1371 οἴκοι
452 1328 580 1386 μένειν
595 1330 681 1387 χρὴ
699 1325 766 1373 (=
784 1339 907 1380 opus
935 1328 1021 1373 est)
1047 1327 1177 1386 ἄνδρα
1201 1328 1427 1386 ἐλεύθερον,
1451 1329 1477 1382 ἢ
1502 1320 1659 1380 (Ξέὰν
1681 1334 1806 1372 τοῦτο
1826 1331 1886 1388 μὴ
1901 1335 1996 1390 ποιῇ
2007 1326 2039 1383 ¹)

330 1399 459 1450 εἰκός
481 1400 612 1442 ἐστιν
634 1401 703 1445 (=
725 1410 927 1439 neeesse
948 1401 1039 1450 est,
1063 1411 1113 1439 es
1132 1399 1204 1440 ist
1229 1397 1661 1454 unumyiinyliehe
1680 1397 1856 1454 Folye)
1883 1402 2043 1445 οὐκέτι

330 1474 454 1515 αὐτὸν
484 1469 583 1514 εἶναι
617 1472 703 1513 τὸν
733 1472 873 1522 καλῶς
904 1471 1127 1529 εὐδαίμονα
1159 1468 1269 1524 (scil.
1302 1469 1466 1523 qualem
1498 1482 1639 1512 omnes
1669 1483 1763 1512 eum
1783 1463 2043 1526 noveranffi).⁴

330 1547 428 1583 sunt
458 1542 585 1595 igitur
617 1541 728 1581 duae
761 1541 1021 1581 sententiae:
1056 1542 1188 1594 prior,
1222 1554 1306 1594 qua
1338 1542 1595 1594 exprimitur
1634 1541 1878 1583 voluntas
1910 1541 2039 1603 (χρή),

329 1613 559 1667 posterior,
591 1625 676 1666 qua
707 1613 1016 1653 consecutio
1047 1612 1172 1666 (εἰκός
1202 1615 1312 1657 ἐστιν
1342 1613 1433 1653 vel:
1467 1615 1541 1657 οὐκ
1571 1614 1682 1658 ἔστιν
1712 1615 1820 1666 ὅπως
1840 1612 1918 1668 οὐ).
1946 1618 2044 1673 tum

329 1685 543 1737 posterior
575 1685 791 1725 sententia
822 1683 1052 1725 subiuncta
1091 1690 1158 1725 est
1194 1685 1328 1738 priori
1365 1683 1489 1744 (χρή),
1528 1698 1615 1738 quo
1662 1683 1823 1726 sactum
1860 1690 1946 1738 est,
1994 1690 2043 1726 ut

329 1758 465 1801 οὐκέτι
502 1760 734 1796 mutaretur
771 1756 814 1795 in
852 1760 1016 1815 μηκέτι,
1056 1768 1316 1808 quamquam
1356 1754 1456 1796 huic
1499 1756 1730 1810 posteriori
1767 1769 1823 1797 ne
1862 1756 2040 1798 minima

330 1827 507 1880 quidem
539 1826 680 1867 finalis
711 1827 823 1868 inest
860 1828 998 1867 notio.
1062 1827 1183 1880 quod
1231 1840 1287 1868 eo
1336 1827 1500 1868 facilius
1543 1832 1717 1881 poterat
1762 1825 1869 1877 fieri,
1917 1827 2040 1882 quod

330 1899 484 1940 Graeci
515 1899 558 1938 in
591 1899 816 1939 sententiis
849 1899 1157 1948 consecutivis,
1193 1898 1348 1953 quibus
1382 1899 1639 1940 consecutio
1671 1904 1717 1940 ut
1737 1899 2041 1940 necessaria
2108 1923 2112 1955 ,ι

330 1970 618 2023 exprimenda
651 1975 727 2019 est,
758 1973 866 2014 ὥστε
898 1983 997 2010 cum
1030 1974 1084 2029 μή
1118 1976 1161 2011 et
1193 1969 1310 2011 infin.
1346 1971 1629 2024 coniungunt.
1691 1970 1755 2011 sic
1786 1970 1914 2024 igitur
1939 1983 2038 2023 per·
2107 1958 2112 2023 3

329 2042 443 2093 cipio
476 2040 564 2082 hoc
594 2040 903 2094 fragmentum:
937 2040 1032 2083 Der
1063 2040 1252 2096 Gera'nye
1282 2041 1360 2084 soll
1385 2055 1440 2083 zu
1462 2041 1612 2084 Haase
1632 2041 1800 2093 bleiben,
1821 2041 1911 2084 und
1929 2039 2041 2085 auch
2103 2029 2112 2100 ξ

328 2113 401 2155 der
430 2112 696 2167 Anyehb'riye
727 2112 802 2154 der
838 2113 1024 2156 besseren
1063 2111 1238 2163 Kreise‚
1278 2113 1379 2155 oder
1423 2127 1468 2155 er
1514 2113 1631 2155 kann
1675 2113 1788 2155 seine
1832 2111 2039 2168 bisheriye
2096 2112 2098 2114 ’

332 2183 522 2238 Stelluny
552 2184 597 2226 in
627 2184 702 2227 der
736 2183 1013 2242 Gesellsehaft
1043 2184 1162 2227 nicht
1192 2183 1340 2238 lc'inyer
1359 2183 1605 2237 behaupten.
1648 2183 1701 2226 cf.
1725 2183 1844 2225 Men.
1866 2182 1915 2225 fr.
1935 2181 2037 2226 582.

328 2252 479 2314 πατρῷ’
512 2256 613 2315 ἔχειν
643 2259 709 2300 δεῖ
751 2256 832 2300 τὸν
872 2259 1042 2308 καλῶς
1084 2258 1361 2315 εὐδαίμονα
1407 2255 1478 2310 (=
1518 2269 1598 2298 wer
1641 2268 1696 2298 zu
1739 2254 1820 2298 den
1865 2253 2041 2320 Bes-serf
2097 2285 2098 2288 =

328 2326 547 2368 situierten
578 2326 757 2381 yehc‘iren
787 2326 885 2376 will,
919 2326 1022 2381 must
1051 2359 1059 2368 .
1097 2359 1105 2367 .
1142 2326 1184 2380 .).

471 2398 526 2438 de
559 2398 661 2439 loco
694 2397 923 2451 fragmenti
956 2399 1064 2438 intra
1086 2398 1275 2439 fabulam
1305 2397 1448 2439 adhuc
1474 2397 1579 2439 nihil
1602 2398 1747 2451 liquet.
1787 2396 1888 2442 haec
1907 2389 2040 2441 Chre?

327 2468 447 2510 metis
476 2468 598 2511 verba
628 2482 714 2511 esse
743 2469 960 2521 suspicari
993 2469 1085 2511 licet
1119 2467 1286 2512 Cliniae
1309 2470 1504 2522 patriam
1531 2468 1795 2523 relinquendi
1814 2467 2040 2512 consilium

328 2540 623 2592 vituperantis,
653 2539 869 2582 Meineke.
936 2539 1180 2582 Chremetis
1215 2553 1313 2581 esse
1347 2540 1514 2581 debent
1544 2540 1692 2591 verba,
1723 2545 1889 2582 tantum
1932 2551 2039 2582 con-
2088 2584 2096 2591 ς,

329 2615 430 2659 stat3
465 2611 544 2651 sed
577 2612 845 2666 colloquium
879 2612 971 2653 eius
1005 2624 1104 2652 cum
1140 2611 1279 2653 Clinia
1312 2612 1367 2653 de
1401 2612 1535 2653 exilio
1567 2612 1746 2653 vitando
1784 2623 1869 2653 nec
1899 2611 2039 2666 agitur
2087 2606 2094 2658 ζ,

474 2751 499 2796 ¹)
525 2755 581 2786 Ar.
608 2753 657 2786 Pl.
687 2750 778 2786 1028
789 2763 864 2795 sqq.
891 2752 1080 2797 ἀναγκάσαι
1106 2751 1237 2788 δίκαιόν
1265 2747 1339 2788 ἔστι
1362 2751 1404 2797 νὴ
1428 2753 1489 2788 Δία

898 2812 954 2848 τὸν
979 2810 1015 2848 εὖ
1042 2811 1187 2847 παθόνθ’
1213 2810 1265 2848 ὑπ’
1296 2811 1379 2857 ἐμοῦ
1402 2813 1500 2848 πάλιν
1527 2808 1771 2856 μ’ἁντευποεῒν,

895 2870 916 2917 ἢ
942 2870 1043 2916 μηδ’
1070 2869 1177 2908 ὁτιοῦν
1202 2871 1329 2916 ἀγαθὸν
1355 2871 1481 2912 δίκαιός
1504 2867 1570 2908 ἦστ’
1599 2867 1696 2917 ἒχειν.

901 2929 1002 2976 (oder
1027 2940 1065 2965 cr
1089 2930 1248 2967 verdient
1271 2929 1707 2975 notwcndiqerwn‘se
1730 2928 1825 2966 auch

899 2990 996 3025 nicht
1021 2990 1089 3025 das
1111 2989 1291 3036 qmnyste
1317 2989 1438 3034 θυῖε).

488 3050 499 3089 )
524 3050 627 3080 verba
652 3048 707 3084 τὸν
726 3053 837 3090 καλῶς
862 3049 1047 3094 εὐδαίμονα
1074 3051 1190 3093 spuria
1216 3052 1332 3083 censet
1357 3050 1400 3083 de
1427 3050 1509 3085 wil.
