2112 3496
800 297 1089 342 ..25-

89 414 252 470 quibua
278 414 436 457 auditis
466 427 616 457 servus
648 416 776 458 valde
808 417 1059 470 perterritus
1088 419 1164 474 ἠήν
1185 418 1416 462 exclamat.
1470 419 1543 462 hic
1563 420 1804 464 Lachetem

89 485 204 530 teni
232 486 300 529 nni
328 485 478 536 verba,
510 499 622 540 quae
654 492 782 529 antea
811 488 871 528 illi
903 488 1125 530 insidiatus
1156 489 1330 540 audivit.
1362 492 1573 551 εἰρωνικῶς
1602 499 1803 546 repetere

88 558 189 602 luoe
219 562 290 601 eat
318 557 488 606 clarius,
520 558 559 599 si
591 559 774 612 respicis
804 559 861 600 ad
893 558 1133 601 Perinthiae
1167 560 1456 615 fragmentum
1488 562 1528 606 3.

394 630 507 683 ὅστις
534 631 784 690 παραλαβὼν
815 634 1066 686 δεσπότην
1095 633 1389 693 ἀπράγμονα

391 704 475 746 καὶ
503 707 684 761 κοῦφον
713 703 935 761 &Emicat-:Q
966 703 1157 761 &eperum
1191 706 1266 748 οὐκ
1295 703 1375 749 ow
1407 707 1431 750 δ
1462 722 1502 749 τι

393 772 516 825 οὗτος
544 774 762 831 μεγαλιῖὸν
791 774 880 817 ἐστι
907 776 1267 834 διαπεπραγμένος,

394 844 733 902 infici-:spone
763 847 836 888 τὸν
865 847 992 889 πάλαι
1021 845 1062 904 γ’
1095 847 1325 905 ἀβέλτερον.

86 913 173 960 hc
206 913 442 956 verborum
480 915 768 967 congruentia
805 916 894 956 nixi
936 915 1128 957 Grenseil
1168 924 1213 958 et
1248 917 1370 958 Hunt
1401 917 1660 967 dubitanter,
1698 924 1803 974 post

85 992 169 1029 eo·
198 985 366 1028 Koerte
396 986 472 1038 (im
504 984 655 1027 Herm.
687 987 772 1028 vol.
803 986 874 1036 44,
908 985 1013 1039 309)
1047 987 1197 1029 fortius
1228 986 1420 1030 chartam
1442 987 1684 1031 Perinthiae
1707 988 1801 1031 Me·

85 1057 308 1101 andreae
329 1056 603 1099 addixerunt.
665 1058 767 1110 quin
790 1056 876 1098 hoc
897 1063 1017 1099 recte
1038 1058 1197 1100 factum
1218 1059 1274 1100 sit
1294 1059 1491 1101 dubitare
1511 1072 1689 1113 prorsus
1710 1073 1799 1102 non

84 1129 204 1173 lieet.
263 1141 366 1171 nam
397 1128 593 1181 quamvis
625 1126 711 1169 hoc
742 1129 1079 1170 concedendum
1110 1131 1165 1171 sit
1196 1129 1336 1171 Leoni
1362 1132 1420 1183 (in
1442 1130 1595 1172 Herm.
1617 1131 1704 1174 vol.
1726 1131 1797 1179 44,

86 1199 195 1256 143)
220 1199 456 1242 verborum
489 1200 775 1252 congruentia
796 1213 884 1240 non
907 1201 1195 1242 demonstrari
1217 1200 1460 1255 fragmenta
1480 1202 1677 1244 eiusdem
1701 1214 1799 1243 esse

83 1276 268 1340 poetaez
299 1271 404 1325 quid
441 1270 524 1311 sibi
561 1271 651 1310 vult
687 1275 752 1315 ναὶ
782 1273 866 1316 Aac
903 1274 962 1323 (v.
1007 1270 1096 1326 13),
1136 1272 1254 1325 quid,
1286 1285 1467 1326 quaeso,
1497 1277 1578 1333 γάρ
1609 1274 1666 1326 (ν.
1701 1273 1799 1328 14).δ

0 1325 13 1354 ἶ
84 1342 256 1398 quibus,
299 1343 344 1383 ni
387 1341 526 1390 fallor,
570 1342 731 1395 probat
773 1342 977 1384 dominus
1017 1355 1067 1383 se
1104 1356 1220 1385 nunc
1257 1343 1476 1385 techinam
1514 1344 1736 1398 postulare
1774 1358 1799 1385 a

83 1426 229 1464 nervo,
266 1414 433 1468 quippe
471 1414 543 1466 qui
582 1413 714 1466 paulo
753 1418 852 1454 ante
891 1414 996 1455 nihil
1029 1413 1197 1455 facilius
1229 1427 1328 1456 esse
1359 1415 1637 1456 contenderit
1666 1428 1796 1469 quam

0 1514 2 1516 -
82 1484 237 1528 fauere
267 1498 404 1527 erum.
438 1508 492 1515 —
527 1483 613 1526 huc
643 1485 817 1526 accedit
846 1485 1049 1526 alterum:
1086 1486 1170 1527 iam
1192 1485 1375 1529 Grauert
1394 1486 1552 1539 aliique
1573 1491 1675 1539 post
1696 1499 1796 1528 eum

0 1555 3 1606 j
82 1557 290 1612 suspicati
327 1562 428 1597 sunt
464 1555 694 1610 fragmenti
731 1555 772 1598 3.
835 1556 970 1597 verba
1007 1557 1115 1598 intra
1153 1556 1341 1598 fabulam
1379 1558 1628 1599 continuata
1666 1557 1797 1599 fuisse

82 1628 231 1672 alteris
259 1627 462 1679 (sortasse
495 1629 541 1681 4)
572 1626 781 1675 versibus,
814 1627 971 1679 quibus
1002 1641 1152 1669 servus
1183 1627 1478 1681 praedicabat,
1510 1629 1606 1682 quis
1628 1641 1674 1670 re
1696 1641 1798 1672 vera

0 1739 3 1761 ἒ
82 1702 302 1761 mamm
333 1705 451 1740 esset
479 1703 841 1758 διαπεπραγμένος.
905 1711 1017 1752 quae
1049 1700 1302 1741 coniectura
1331 1700 1434 1741 satis
1466 1699 1648 1753 elegans
1680 1713 1796 1742 nunc

0 1766 5 1802 ³,
82 1768 404 1826 pulcherimme
441 1769 755 1823 comprobatur
791 1768 952 1812 charta.
1015 1783 1117 1811 nam
1154 1775 1388 1824 postquam
1427 1769 1599 1813 Laches
1629 1770 1794 1812 verbis:

80 1842 269 1888 uA&
303 1844 460 1900 τὸμὲν
496 1842 868 1900 &pannomiam
902 1849 1052 1902 κοῦφον
1088 1843 1793 1901 ἐξαπατᾶνγάρέκπτδωπότηνῦ

82 1915 265 1976 φλύαρος
305 1913 503 1966 respexit
544 1912 601 1953 ad
644 1913 810 1965 priores
853 1917 1052 1965 quattuor
1097 1913 1208 1954 Davi
1246 1926 1395 1954 versus
1432 1912 1502 1967 (=
1525 1912 1572 1955 fr.
1608 1912 1670 1966 3),
1709 1914 1795 1955 iam

0 2025 6 2031 .,
82 1985 232 2040 pergit
259 1985 342 2026 sic:

0 2067 3 2070 ’
223 2068 264 2098 v.
302 2055 359 2098 15
381 2068 451 2108 sq.
512 2056 547 2099 εἰ
590 2057 640 2098 δέ
682 2072 744 2106 τις
791 2058 866 2109 τὴν
908 2062 989 2098 τῶν
1026 2062 1176 2115 φρενῶν
1208 2055 1216 2107 Ι
1248 2058 1447 2110 στακτὴνε
1483 2056 1689 2110 ἐκνίσῦηςς
1726 2052 1795 2096 his

81 2125 231 2170 verbis
260 2126 472 2182 particula
502 2126 772 2166 adversativa
802 2129 851 2170 δέ
882 2125 1068 2166 inductis
1098 2126 1253 2179 procul
1286 2126 1423 2167 dubio
1454 2138 1595 2167 senex
1616 2125 1795 2179 respicit

81 2198 139 2241 ad
169 2197 331 2240 alteros
361 2198 461 2239 illos
492 2209 655 2246 versus,
677 2196 835 2249 quibus
857 2195 904 2239 fr.
928 2195 968 2238 3.
1029 2197 1325 2238 continuatum
1348 2196 1477 2238 fuisse
1499 2197 1620 2237 docti
1640 2196 1791 2238 conie-

80 2274 247 2312 cerunt.
309 2274 438 2322 atque
475 2274 561 2309 tam
602 2280 694 2309 rara
730 2267 876 2316 verba,
915 2267 1057 2320 qualia
1094 2265 1165 2308 hic
1196 2268 1396 2309 videmus
1426 2271 1500 2323 τὴν
1529 2274 1611 2312 τῶν
1640 2274 1794 2328 φρενῶν

78 2343 264 2397 σιωπήν
294 2353 320 2382 a
350 2338 543 2381 Lachete
577 2352 666 2379 non
698 2351 797 2380 esse
830 2340 1015 2386 inventa,
1048 2339 1129 2380 sed
1162 2339 1256 2392 ipsa
1287 2352 1463 2392 quoque
1495 2339 1613 2380 illinc
1634 2350 1661 2380 a
1681 2338 1791 2379 Davi

0 2433 2 2435 >
80 2411 318 2465 soliloquio
355 2423 456 2452 esse
493 2411 689 2464 repetita,
729 2408 816 2452 hoc
852 2416 1004 2464 putare
1042 2423 1067 2451 e
1099 2423 1146 2451 re
1177 2416 1276 2452 nata
1306 2411 1517 2464 cogimur.
1580 2408 1682 2450 hinc
1712 2421 1790 2463 pe·

80 2482 343 2538 detemptim
385 2482 489 2524 licet
532 2482 791 2535 procedere.
854 2487 958 2534 post
994 2481 1128 2523 verba
1164 2484 1199 2526 εἰ
1235 2483 1283 2526 δέ
1320 2498 1382 2533 τις
1417 2484 1491 2536 τὴν
1526 2488 1607 2525 τῶν
1643 2487 1792 2542 φρενῦν

79 2555 263 2608 σιωπήν
290 2565 432 2595 senex
463 2558 625 2606 coepta
655 2552 870 2594 sententia
901 2566 990 2593 non
1022 2553 1077 2593 ad
1111 2551 1243 2594 finem
1266 2552 1476 2605 perducta
1496 2551 1640 2593 subito
1661 2557 1789 2600 tacet,

3 2646 5 2650 .
79 2636 192 2678 quae
230 2625 448 2665 sermonis
490 2636 627 2677 pausa
669 2624 710 2665 in
755 2621 903 2687 charta
944 2637 1120 2677 quoque
1162 2624 1334 2677 punctis
1370 2622 1603 2678 geminatis
1640 2621 1789 2664 fortius

0 2694 6 2751 f
79 2694 305 2737 indimnu.
366 2694 472 2747 quid
503 2695 548 2735 id
580 2694 715 2743 fuerit.
749 2707 838 2748 quo
869 2692 1074 2735 Lachetis
1106 2695 1273 2735 animus
1306 2694 1420 2735 adeo
1452 2691 1721 2741 abstrahitur,
1745 2699 1790 2734 ut

0 2774 6 2814 ;'
78 2766 213 2808 etiam
251 2764 387 2807 verba
422 2778 501 2806 sua
538 2766 720 2813 omittat.
758 2765 1056 2819 comperimus
1093 2778 1118 2805 e
1149 2777 1189 2807 v.
1226 2764 1293 2811 18,
1326 2764 1399 2805 ubi
1430 2764 1488 2805 de
1520 2776 1648 2807 servo
1679 2762 1789 2806 haec

0 2818 14 2886 ἑ,
80 2837 206 2880 dicit:
253 2840 276 2883 ὁ
324 2838 479 2897 θρασὺς
524 2834 667 2881 ἐνθάδ’
715 2838 863 2895 ἀρτίως
889 2835 898 2889 ι
923 2839 1035 2880 κατὰ
1079 2843 1160 2880 τῶν
1204 2838 1371 2880 mm.
1433 2841 1560 2889 atque
1605 2835 1788 2889 iurgium

0 2889 18 2924 ζ*
78 2906 453 2962 Aristophaneum
493 2910 516 2952 ὁ
550 2910 660 2952 κατὰ
698 2914 779 2951 τῶν
815 2909 972 2952 σκελῶν
1001 2905 1120 2960 (Pae.
1151 2905 1258 2960 240)
1290 2906 1532 2963 explicatur
1562 2911 1609 2947 ut
1637 2908 1789 2967 συμβο-

77 2980 193 3024 λικὸν
229 2981 308 3024 ἀπὸ
345 2987 426 3023 τῶν
461 2982 533 3024 διὰ
568 2981 720 3023 δειλίαν
758 2980 1055 3032 ἀποπλῶντων,
1093 2978 1135 3018 in
1172 2991 1259 3031 quo
1291 2975 1570 3019 scholiastam
1603 2988 1789 3019 nece-ae
