2112 3496
1010 325 1303 366 „18-

303 447 350 488 fr.
383 444 487 487 164:
528 445 590 504 ἄρ’
631 447 717 488 ἐστι
753 447 911 487 πάντων
949 444 1146 502 ἀγρυπνία
1181 440 1487 498 λαλίστατονῑ).
1550 443 1599 485 fr.
1640 442 1746 487 739:
1784 446 1816 489 ὦ
1846 446 1916 499 νύξ
1937 477 1946 486 .
1970 476 1981 487 .
2003 477 2014 487 .

303 518 434 558 etiam
473 515 710 556 Micionem
743 512 1051 566 Adelphorum
1085 514 1117 568 (Ι
1156 514 1198 568 1)
1236 527 1362 557 curae
1396 527 1541 557 somno
1576 519 1810 570 seyreyant.
1872 516 2016 570 itaque

304 588 364 629 ob
397 587 681 629 certissimam
715 585 998 626 solitudinem
1036 588 1077 630 ἐν
1113 589 1225 631 νυκτὶ
1257 587 1383 646 βουλὴ
1414 591 1500 639 τοῖς
1530 591 1690 647 σοφοῖσι
1719 589 1874 647 γίνεται
1904 586 2016 643 (mo-

303 664 416 700 nost.
453 656 569 712 150),
608 657 681 710 qui
712 670 750 697 v.
783 656 920 697 factus
958 661 1024 697 est
1056 670 1114 697 ex
1145 657 1469 711 Epitreponton
1501 655 1572 708 35,
1611 670 1700 711 quo
1731 657 1835 700 loco
1868 658 2017 701 Davus

305 731 363 772 de.
395 744 443 771 se
477 729 597 770 dicit:

690 802 732 844 ἐν
762 803 875 844 νυκτὶ
907 802 1059 860 βουλὴν
1087 799 1143 854 δ’,
1177 801 1271 860 ὅπερ
1304 802 1429 845 ἅπασι
1459 803 1627 860 γίνεται,

693 874 835 923 διδοὺς
866 873 1029 931 ἐμαυτῷ
1060 873 1357 932 διελογιζόμην.

306 945 410 985 item
457 942 647 983 referunt
691 943 746 983 de
789 942 876 983 suis
923 942 1176 996 monologis
1219 941 1423 985 Moschio
1466 941 1617 999 (Peric.
1656 942 1758 1000 297)
1809 948 1854 986 et
1895 942 2018 986 Simo

305 1014 457 1071 (Andr.
491 1013 603 1069 110),
648 1018 692 1054 et
733 1014 943 1054 directam
983 1014 1161 1067 quidem
1200 1014 1383 1056 afferunt
1427 1016 1683 1056 orationem.
1748 1028 1837 1069 quo
1868 1014 1929 1065 fit,
1973 1020 2023 1056 ut

304 1087 495 1128 solitudo
535 1085 891 1126 commendanda
927 1085 982 1126 sit
1020 1086 1072 1134 ei,
1115 1086 1187 1138 qui
1228 1087 1396 1138 quaerit
1434 1087 1630 1137 consilia,
1675 1087 1721 1127 id
1763 1087 1885 1140 quod
1927 1085 2022 1128 fieri

303 1159 502 1199 videmus
536 1157 653 1198 Men.
686 1156 733 1197 fr.
767 1156 874 1198 447:
920 1158 1078 1217 ἀπορῶν
1114 1174 1154 1202 τι
1192 1158 1410 1217 βούλευσαι
1445 1162 1558 1203 κατὰ
1597 1161 1748 1204 σαυτὸν
1789 1162 2019 1219 γενόμενος.

303 1229 370 1271 his
404 1230 459 1270 de
493 1230 633 1270 causis
666 1242 756 1269 non
789 1228 956 1278 dubito,
990 1229 1095 1282 quin
1125 1228 1261 1269 verba
1291 1228 1523 1283 fragmenti
1554 1227 1678 1271 huius

783 1303 987 1360 εὑρετικὸν
1019 1300 1119 1345 εἶναί
1149 1317 1247 1361 φασι
1277 1304 1351 1356 τὴν
1381 1303 1545 1361 ἐρημίαν

783 1373 821 1416 οἱ
850 1375 927 1424 τὰς
958 1374 1079 1433 ὀφρῦς
1110 1373 1290 1432 αἴροντες

304 1445 346 1485 in
379 1444 615 1497 soliloquio
649 1443 842 1496 quodam
875 1443 992 1484 dicta
1024 1443 1180 1484 fuerint
1210 1444 1266 1484 ad
1288 1449 1573 1497 spectatores.
1619 1442 1731 1485 haec
1752 1442 1844 1484 fere
1866 1455 2023 1496 seque-

304 1515 476 1558 bantur:
509 1528 640 1568 quare
668 1528 689 1556 8
695 1527 753 1569 9⁰
781 1527 970 1568 quoque
995 1527 1109 1556 nuno
1137 1515 1182 1557 in
1205 1514 1417 1558 desertum
1437 1529 1502 1558 me
1522 1514 1691 1568 contuli,
1723 1519 1771 1557 ut
1791 1514 2025 1557 invenirem

303 1586 483 1630 consilia
514 1587 585 1627 vel
617 1586 757 1626 simile
790 1586 965 1638 aliquid.
1013 1585 1067 1627 cf.
1092 1586 1295 1627 iuvenum
1324 1587 1557 1628 amantium
1590 1590 1633 1627 et
1663 1598 1888 1627 servorum
1921 1585 2024 1627 soli-

306 1659 453 1711 loquia
485 1657 603 1711 apud
635 1658 850 1699 Plautum:

394 1728 554 1774 Bacch.
589 1727 689 1772 385.
734 1724 993 1771 mu‘ltimodis
1022 1728 1294 1771 meditatus
1326 1733 1512 1783 egomet
1542 1742 1727 1772 mecum
1756 1741 1864 1772 sum
1895 1731 1935 1771 et
1963 1727 2026 1771 ita

1015 1813 1102 1843 esse
1133 1800 1318 1843 arbitror
1350 1800 1462 1855 (scil.
1489 1804 1754 1855 postquam
1784 1798 2024 1854 repperi).

459 1873 590 1914 Most.
625 1871 695 1914 85.
741 1870 1040 1914 rec6rddtus
1070 1866 1249 1914 mailttim
1285 1869 1427 1928 (sum)
1464 1875 1504 1914 et
1536 1871 1614 1914 diu
1645 1870 1827 1926 cdyitdvc

735 1942 1067 1997 aryaezmentaque
1097 1944 1150 1986 in
1174 1943 1352 1996 pectus
1381 1944 1554 1986 institui
1584 1942 1721 1987 malici

735 2027 809 2067 890
840 2013 964 2068 aitque
994 2015 1048 2057 in
1079 2013 1180 2057 med
1210 2012 1353 2058 σόνάε
1383 2039 1442 2044 -
1471 2016 1551 2057 sist
1582 2013 1693 2068 qudd
1721 2013 1830 2058 mihi
1859 2012 1931 2057 σόν
1968 2036 2027 2044 -

734 2085 826 2129 edm
858 2086 947 2128 re'm
977 2085 1161 2129 υοῑάιάυί
1191 2088 1229 2128 et
1259 2085 1336 2128 diu
1365 2086 1596 2140 disputavi,
1719 2140 1721 2142 η

733 2157 946 2200 hominem
977 2158 1127 2211 qubius
1156 2157 1232 2210 νὲἱ,
1265 2157 1433 2210 quand&
1465 2157 1594 2200 na‘tus
1624 2157 1728 2200 e'sset

733 2228 916 2271 similem
947 2228 1034 2271 esse
1061 2227 1296 2271 άνῦἱινάνὲν
1325 2227 1678 2283 simultis-rumque
1686 2228 1719 2283 ²)
1751 2226 1927 2271 habere:

734 2300 782 2343 id
812 2300 1019 2354 repperi
1049 2301 1139 2342 iam
1171 2298 1411 2353 amplam.

455 2371 583 2425 Epid.
618 2370 689 2417 81.
734 2371 808 2415 illc
837 2371 937 2414 hinc
968 2371 1095 2414 abiit.-
1126 2370 1265 2413 solus
1294 2384 1408 2413 nunc
1439 2384 1514 2414 es.
1540 2404 1549 2414 .
1576 2403 1587 2414 .
1618 2368 1805 2424 Epidioe

587 2442 686 2485 100.
734 2443 899 2497 aliquid
929 2442 1078 2495 dliqua
1108 2442 1529 2497 reperiundumst.

397 2513 554 2554 Pseud.
589 2513 688 2556 394.
733 2517 956 2568 postquam
987 2513 1061 2556 illc
1091 2513 1188 2556 hinc
1217 2512 1336 2564 άόιῖι,
1371 2516 1417 2555 iu
1448 2517 1564 2557 astas
1593 2512 1750 2566 solus,
1785 2509 1995 2556 Pseudolo

587 2583 687 2626 401.
733 2586 805 2628 sed
836 2585 983 2639 quasi
1007 2588 1162 2639 poeta
1194 2585 1302 2639 (scil.
1336 2586 1389 2627 in
1419 2584 1523 2628 solo
1556 2583 1675 2638 loco)

737 2656 935 2711 quaerit
965 2656 1074 2710 quod
1105 2659 1354 2711 nusquamst
1380 2656 1580 2710 mutium,
1612 2654 1806 2710 reperii
1836 2657 2003 2699 tamen:

735 2741 866 2770 nunc
897 2740 982 2783 890
1006 2731 1159 2781 poeta
1190 2727 1335 2781 fiam.

451 2843 480 2888 ¹)
508 2845 589 2877 haec
615 2845 787 2888 Turpilius
814 2843 877 2888 (50
891 2857 934 2879 ss.
953 2845 1010 2891 R.)
1036 2845 1071 2878 in
1097 2845 1255 2879 versione
1282 2845 1421 2878 mutnvit
1447 2844 1482 2877 in
1506 2844 1696 2887 diakogutm
1722 2843 1767 2879 cf.
1785 2844 1877 2877 Men.
1895 2842 1937 2878 ft.
1963 2840 2033 2877 137

307 2899 335 2935 ὦ
362 2901 538 2948 δυστυχής,
565 2902 594 2938 τί
619 2902 655 2939 οὗ
680 2905 868 2945 καῦεύδεις.

453 2960 482 3006 ²)
509 2962 552 2995 cf.
579 2963 668 2995 Men.
696 2963 736 2996 fr.
764 2962 834 2997 536
868 2965 917 3007 μὰ
941 2962 1000 3008 τὴν
1021 2961 1182 3008 Ἀθηνᾶν,
1216 2961 1382 3008 ἄνδρις,
1408 2962 1506 3000 εἰκόν’
1533 2962 1593 2999 οὐκ
1609 2958 1677 3009 ἔχω
1699 2962 1705 3008 Ι
1726 2961 1830 3006 ὡρῶν
1848 2958 1970 3007 ὁμοίαν
1986 2962 2035 3005 τῶ

308 3018 455 3062 Υιγονὸτι
479 3021 657 3065 πράγματι,
680 3020 685 3067 Ι
708 3025 844 3066 ζητῶν
870 3021 967 3066 πρὸς
991 3021 1177 3067 ἐμαυτὸν,
1203 3021 1234 3057 τί
1256 3020 1386 3069 ταχέως
1413 3021 1579 3059 ἀπολλύει.
1602 3021 1608 3063 Ι
1631 3021 1818 3066 σῖρόβιλοςῑ
1843 3023 1916 3057 κτλ.
