2112 3496
994 330 1284 374 -52—

284 452 451 492 videtur
495 464 604 492 esse.
670 463 831 504 nempe
873 450 1050 491 Terenti
1091 455 1190 491 sunt
1228 450 1409 490 verbum
1454 451 1540 492 iam
1588 454 1631 491 et
1674 454 1849 503 tempus
1891 463 1994 503 per-

284 523 444 563 fectum
475 523 700 575 factitavit.

427 607 534 634 unus
572 598 703 634 restat
743 594 868 633 locus
906 605 990 634 nec
1027 598 1175 633 tamen
1213 593 1392 634 minoris
1432 594 1656 635 momenti.
1717 606 1785 634 νν.
1821 591 1907 636 125
1925 605 1991 646 sq.

286 666 409 705 miles
443 670 485 705 et
517 665 647 705 colax
679 663 789 705 haec
820 664 1146 717 colloquuntur:

283 734 380 792 Th.]
406 735 498 791 (huc
512 735 571 790 eo)
593 739 639 778 ut
665 734 823 777 Thaidi
843 748 906 777 me
925 735 1075 778 dedam
1095 739 1134 778 et
1153 735 1316 789 faciam
1333 736 1444 789 quod
1458 736 1610 779 iubeat.
1656 732 1754 792 Gn.]
1777 734 1884 789 quid
1902 733 1994 778 est?

283 806 380 863 Th.]
405 808 478 861 qui
492 808 634 850 minus
649 820 776 860 quam
787 806 992 850 He'rcules
1005 807 1447 861 servivitOmphalae?
1478 806 1576 864 Gn.]
1593 806 1827 861 exemplum
1836 805 1991 862 placet.

284 892 393 932 quae
427 879 529 931 quin
560 879 764 919 translata
796 879 880 919 sint
911 892 969 920 ex
1002 878 1171 920 Graeco
1204 893 1337 920 nemo
1370 879 1602 928 dubitabit;
1636 879 1718 920 sed
1747 902 1809 908 —
1840 882 1885 920 et
1903 876 1994 920 hoc

283 963 499 991 summum
538 954 604 990 est
632 974 692 979 ——
724 963 748 990 e
782 949 944 991 Colace
983 950 1215 1004 desumpta
1254 963 1352 992 esse
1390 964 1479 991 non
1516 955 1713 1003 possunt.
1776 949 1838 991 ibi
1875 949 1993 990 enirn

284 1022 489 1062 meretrix
511 1022 682 1081 lenonis
705 1026 790 1070 est;
825 1022 896 1074 qui
929 1034 1026 1063 eam
1058 1035 1203 1062 amare
1225 1022 1327 1071 vult,
1360 1022 1421 1062 illi
1444 1023 1518 1063 dat
1547 1028 1654 1082 τρεῖς
1685 1028 1786 1082 μνᾶς
1814 1022 1994 1076 ἑκάστης

282 1097 443 1153 ἡμέρας,
478 1098 548 1133 aut
579 1093 695 1134 illam
731 1094 835 1134 emit
867 1099 937 1134 aut
968 1094 1088 1146 rapit.
1143 1092 1276 1134 Thais
1297 1098 1441 1134 autem
1464 1093 1526 1148 (et
1547 1092 1724 1146 Chrysis
1747 1091 1995 1147 Menandri)

283 1166 347 1205 sui
380 1169 445 1205 est
476 1165 588 1214 iuris,
623 1165 804 1205 domum
836 1163 982 1214 habet,
1016 1169 1254 1206 summates
1276 1166 1455 1215 amicos,
1489 1165 1682 1214 ancillas,
1714 1164 1993 1218 pedisequas.

283 1237 365 1276 iam
398 1237 520 1277 vides
553 1237 595 1276 in
633 1234 746 1278 hanc
783 1235 994 1290 perbene,
1034 1237 1212 1278 minime
1249 1237 1293 1277 in
1330 1237 1448 1277 illam
1486 1236 1698 1289 quadrare
1737 1234 1994 1288 exemplum

284 1306 531 1361 Omphalae
563 1309 754 1361 reginae.
817 1308 899 1350 alia
930 1321 989 1349 ex
1020 1313 1142 1362 parte
1175 1308 1296 1361 quod
1334 1308 1408 1348 ille
1446 1321 1495 1349 se
1532 1308 1629 1361 ipse
1667 1319 1767 1348 cum
1799 1307 1994 1349 Hercule

283 1385 520 1433 comparat,
555 1378 644 1420 hoc
675 1393 765 1420 non
798 1380 1142 1429 adulescentem,
1176 1380 1257 1421 sed
1290 1380 1470 1420 militem
1503 1392 1660 1432 sapere
1697 1379 1994 1432 unusquisque

283 1452 513 1492 concedet.
558 1451 713 1504 quibus
753 1452 1019 1505 argumentis
1060 1452 1188 1492 nixus
1225 1464 1482 1504 persuasum
1521 1449 1667 1492 habeo
1706 1448 1995 1492 Chaerestrati

284 1523 501 1562 aemulum
534 1523 576 1563 in
609 1523 838 1564 Menandri
871 1522 1085 1564 Eunucho
1119 1523 1300 1563 militem
1333 1522 1480 1574 fuisse,
1521 1535 1611 1563 non
1649 1522 1992 1564 adulescentem.

426 1595 509 1635 iam
543 1595 846 1646 accedendum
881 1595 936 1636 ad
967 1595 1131 1635 colacis
1168 1607 1419 1648 personam.
1482 1595 1555 1648 qui
1593 1594 1710 1648 apud
1742 1593 1995 1635 Terentium

283 1681 319 1708 v.
346 1666 431 1708 232
464 1666 734 1720 Pamphilam
773 1668 829 1708 ad
864 1666 1080 1708 Thaidem
1103 1667 1308 1708 ducturus
1331 1667 1375 1707 in
1397 1679 1602 1708 scaenam
1627 1666 1786 1719 prodit.
1835 1665 1995 1719 quodsi

283 1736 423 1778 schol.
458 1739 573 1779 Don.
609 1739 664 1780 ad
695 1738 804 1782 Eun.
838 1738 938 1788 228,
972 1752 1059 1792 quo
1091 1753 1131 1781 v.
1165 1737 1338 1780 Gnatho
1370 1739 1558 1792 primum
1591 1738 1850 1786 nominatur,
1883 1734 1996 1777 haec

284 1810 488 1863 legimus:
524 1842 532 1851 .
557 1844 567 1852 .
590 1843 599 1851 .
628 1810 744 1863 apud
767 1809 1066 1853 Menandrum
1086 1811 1133 1852 iu
1155 1808 1365 1853 Eunucho
1391 1823 1477 1852 non
1503 1812 1617 1861 sunt,
1649 1822 1739 1850 non
1771 1808 1828 1850 ad
1858 1812 1996 1849 totam

283 1894 487 1922 scaenam
520 1895 571 1922 ea
604 1882 819 1923 debemus
852 1881 1024 1923 referre.
1090 1882 1219 1923 etiam
1251 1882 1294 1922 in
1327 1881 1557 1922 Menandri
1590 1878 1735 1922 sabula
1770 1879 1922 1934 puella
1951 1878 1996 1920 in

284 1965 485 1993 scaenam
521 1958 610 1994 erat
642 1954 940 2007 producenda,
985 1958 1028 1994 et
1066 1958 1111 1994 ut
1147 1954 1190 1994 in
1222 1951 1446 2005 Chrysidis
1485 1953 1665 1992 domum
1703 1955 1859 2005 posset
1894 1962 1997 2004 per·

285 2025 443 2073 venire,
480 2030 521 2065 et
548 2030 592 2065 ut
615 2025 761 2066 Davus
794 2025 1065 2066 adulescenti
1098 2024 1252 2065 minori
1284 2036 1381 2065 eam
1416 2028 1569 2077 posset
1600 2022 1865 2064 describere.
1913 2020 1996 2063 ned

285 2096 378 2136 sola
410 2096 617 2149 nequibat
638 2097 712 2151 ire,
746 2097 845 2149 quia
867 2102 1015 2150 empta
1036 2109 1162 2136 serva
1184 2100 1284 2138 erat.
1337 2096 1432 2148 quis
1454 2095 1582 2148 igitur
1604 2092 1996 2143 eam-adducebat?

285 2173 466 2219 apparet
497 2168 674 2221 longam
709 2168 998 2208 narrationem
1038 2167 1094 2208 de
1132 2167 1323 2220 parasito
1362 2166 1567 2207 famelico
1605 2165 1809 2221 (quacum
1842 2162 1898 2205 cf.
1931 2163 1994 2206 Pl.

286 2237 408 2291 Capt.
432 2238 516 2280 461
536 2252 629 2292 sqq.
665 2239 759 2280 Leo
789 2239 829 2279 d.
855 2239 1020 2280 monol.
1054 2252 1129 2292 pg.
1154 2237 1226 2292 73)
1261 2237 1364 2279 nihil
1398 2238 1578 2279 attinere
1611 2237 1668 2279 ad
1698 2237 1844 2291 ipsum
1874 2247 1996 2276 man-

286 2310 445 2358 datum,
486 2311 565 2350 sed
595 2310 697 2352 inde
730 2311 785 2352 ab
818 2311 938 2351 initio
971 2324 996 2351 a
1026 2315 1161 2364 poeta
1192 2309 1362 2351 Graeco
1402 2311 1619 2350 inventam
1653 2320 1752 2349 esse
1785 2307 1845 2348 ob
1877 2306 1995 2348 solas

287 2380 474 2430 facetias,
509 2395 619 2434 quae
653 2388 825 2424 exstant
857 2383 899 2422 in
933 2375 1039 2423 fine:

1476 2452 1630 2495 sectari
1659 2445 1781 2502 iussi,

345 2525 383 2566 si
406 2525 524 2578 potis
555 2528 623 2575 est,
655 2527 873 2579 tamquam
897 2524 1246 2579 philosophorum
1276 2523 1427 2567 habent
1458 2522 1709 2576 desciplinae
1738 2534 1790 2566 a
1819 2522 1928 2576 ipsis

345 2595 555 2650 vocabula,
587 2597 633 2638 ut
656 2598 845 2650 parasiti
876 2597 976 2639 item
1008 2595 1296 2639 ‘Gnathonici'
1332 2598 1538 2638 vocentur.

289 2667 510 2718 eleganter
544 2669 709 2708 iocatus
742 2673 809 2709 est
838 2673 973 2721 poeta
994 2668 1036 2708 in
1058 2669 1358 2720 Πλατωνικούς,
1393 2671 1437 2707 et
1468 2666 1566 2707 luce
1598 2665 1753 2707 elarius
1786 2667 1854 2706 eet
1878 2661 1997 2704 hunc

290 2739 430 2778 iocum
467 2743 578 2779 stare
611 2753 699 2778 non
733 2740 942 2791 potuisse,
982 2739 1064 2779 nisi
1102 2738 1291 2792 parasito
1329 2738 1372 2778 in
1410 2738 1483 2778 illa
1520 2737 1616 2790 ipsa
1653 2735 1799 2778 fabula
1829 2734 1998 2778 Graeca

290 2808 435 2848 suisset
475 2823 636 2850 nomen
668 2809 923 2853 Gnathonis.
986 2810 1145 2863 quodsi
1178 2808 1455 2851 Gnathonem
1494 2809 1537 2849 in
1569 2807 1733 2850 Colace
1766 2805 1997 2848 Menandri

289 2886 431 2930 partes
465 2881 608 2933 egisse
641 2894 810 2934 papyro
843 2894 981 2935 nuper
1012 2886 1187 2934 reperto
1220 2879 1587 2934 comprobatur¹)‚
1619 2877 1896 2920 statuendum
1918 2876 1999 2919 erit

414 2953 458 3015 ml)
487 2980 595 3005 tamen
623 2975 749 3006 nullam
774 2975 935 3007 habemus
962 2985 1076 3007 anum
1103 2985 1178 3007 cum
1205 2974 1378 3007 Meinekio
1405 2973 1504 3015 frgm.
1532 2972 1622 3016 apud
1646 2972 1846 3006 Erotitnum
1869 2968 1930 3011 24.
1949 2967 1997 3005 28

290 3037 454 3063 servatum
482 3033 687 3065 Philemonis
706 3034 830 3066 'Colaci
860 3034 1054 3066 abiudicnre
1087 3039 1119 3066 et
1152 3034 1197 3067 ob
1230 3033 1485 3066 similitudinem
1512 3032 1678 3075 quandam
1705 3041 1782 3064 cum
1806 3030 1884 3065 Ter.
1909 3029 1995 3065 Eun.
