2112 3496
1061 338 1350 381 ..50-

498 456 714 499 Stobaeus
747 459 789 497 in
822 457 862 498 fl.
901 457 967 507 10,
991 458 1061 500 24.
1115 461 1347 518 Μενάνδρου
1371 458 1606 519 Ἀδελφοῖς·
1638 461 1730 503 κτλ.
1791 471 1830 500 v.
1857 457 1909 501 2.'
1932 460 2064 512 οὐδεὶς

353 529 485 569 codd.
520 529 711 569 correxit
743 530 785 568 in
820 531 915 573 οὐδὲ
946 528 1002 582 εἷς
1023 529 1209 574 Grotius.
1244 553 1297 560 —
1332 527 1444 570 haec
1464 529 1599 570 verba
1621 542 1646 570 a
1667 529 1842 570 nemine
1862 530 2061 583 potuisse

353 601 439 640 dici
470 601 550 640 nisi
583 613 607 640 a
650 613 844 653 paupere
878 600 1069 654 quodam
1104 614 1164 641 ex
1193 601 1299 654 ipsis
1326 600 1471 641 verbis
1502 601 1784 655 intellegitur.
1847 599 1936 642 hoc
1971 600 2060 643 fere

351 673 517 713 valent:
571 672 754 724 pauperi
798 672 1075 724 requirendus
1121 676 1180 715 est
1225 676 1445 726 comiatum
1493 671 1550 715 ad
1595 672 1765 715 divitem
1801 673 1912 715 enim
1946 671 2061 716 ultro

349 744 472 785 venit.
537 757 611 785 nec
657 756 770 786 unus
806 743 975 796 quidem
1013 743 1089 786 hoe
1123 744 1272 795 probat
1302 744 1385 786 sibi
1420 743 1728 796 respiciendum
1764 756 1852 786 esse
1881 745 2060 799 inopem,

349 815 421 856 sed
452 828 591 856 omnes
623 816 781 868 timent,
813 829 866 858 ne
898 815 1001 868 quid
1031 815 1301 858 mendicetur.
1364 820 1482 856 recte
1511 815 1643 856 Kock
1672 815 1833 856 rettulit
1862 813 1974 857 haec
2005 815 2060 856 ad

355 885 453 927 Ter.
486 885 572 927 Ad.
607 900 646 926 v,
681 885 782 936 353,
817 899 904 939 quo
938 886 1050 928 Geta
1081 899 1230 928 servus
1264 874 1503 928 aSostrata
1535 887 1590 927 ad
1611 886 1866 940 Hegionem
1898 899 2061 941 cogna-

350 962 440 996 tum
474 958 631 997 missus
663 955 908 1010 profitetur:

546 1079 549 1081 ‚
763 1043 862 1071 nam
894 1027 1027 1072 hercle
1057 1028 1172 1071 cilius
1202 1029 1319 1072 nemo
1350 1019 1522 1082 respicit
1551 1042 1640 1072 nos.

348 1099 544 1152 perbene
578 1101 621 1139 in
660 1100 807 1141 fabula
839 1101 1007 1142 Graeca
1038 1114 1189 1142 servus
1226 1106 1331 1154 post
1366 1100 1501 1142 verba
1534 1100 1756 1143 Sostratae
1786 1099 1906 1157 (353.
1939 1100 1985 1155 4)
2016 1101 2059 1142 in

348 1184 536 1212 scaenae
570 1170 655 1212 fine
689 1172 841 1213 abiens
874 1173 991 1213 illam
1025 1173 1284 1214 sententiam
1316 1178 1489 1226 poterat
1519 1172 1727 1226 proferre.

1025 1290 1066 1333 9.
1102 1291 1168 1346 (=
1210 1291 1261 1332 11
1297 1291 1383 1345 K.).

752 1389 783 1409 c
801 1392 827 1398 -
845 1387 873 1401 υ
889 1393 936 1409 -.
999 1371 1095 1421 θεὸς
1125 1371 1213 1414 ἐστι
1242 1375 1329 1422 τοῖς
1359 1375 1546 1429 χρηστοῖς
1577 1370 1640 1413 ἀεί

759 1443 780 1485 ὁ
813 1448 906 1493 νοῦς
935 1444 1027 1500 γάρ,
1062 1445 1115 1493 ὡς
1145 1442 1286 1495 ἔοικεν,
1320 1442 1350 1484 ὦ
1383 1444 1612 1501 σοφώτατε.

493 1529 638 1571 Iustin.
687 1529 852 1582 Martys
892 1531 932 1570 d.
985 1529 1209 1571 monarch.
1259 1529 1397 1583 (109a
1441 1535 1530 1572 not.
1570 1529 1630 1572 50
1681 1533 1774 1571 tom
1812 1529 1882 1582 11„
1912 1529 2055 1584 Otto):

347 1606 368 1645 ὁ
402 1604 524 1654 αὐτὸς
564 1599 799 1661 (Μένανδρ.)
839 1605 879 1646 ἐν
912 1604 1149 1663 Ἀδελφοῖς·
1188 1605 1280 1646 κτλ.
1343 1602 1426 1642 sed
1456 1615 1494 1642 v.
1526 1601 1552 1643 2
1591 1601 1724 1644 codd.
1762 1598 1976 1643 exhibent
2005 1606 2059 1655 ὡς

345 1675 473 1717 ἔοικεν
520 1675 557 1718 οἱ
602 1678 853 1734 σοφώτατοι.
915 1676 953 1718 οἱ
996 1674 1080 1714 iam
1113 1673 1336 1714 Bentleius
1369 1674 1547 1714 mutavit
1578 1675 1621 1714 in
1653 1674 1703 1722 ὦ;
1749 1674 1786 1714 si
1816 1678 1936 1715 recte
1968 1671 2056 1714 hoc

346 1744 447 1785 fecit
481 1768 534 1773 ——
569 1757 654 1785 nec
687 1744 901 1786 dubitabit
932 1746 1161 1798 quisquam
1192 1768 1250 1774 —
1282 1746 1564 1798 perspicuum
1598 1749 1665 1786 est
1699 1758 1791 1786 non
1813 1745 1953 1799 magis
1974 1757 2055 1785 nos

346 1815 558 1868 obstringi
582 1815 722 1857 forma
743 1821 1015 1877 σοφώτατοι,
1040 1817 1139 1869 quia
1161 1821 1226 1858 est
1243 1817 1476 1857 assimilata
1492 1815 1673 1856 articulo
1691 1820 1819 1858 antea
1833 1821 2055 1870 corrupto.

345 1887 507 1927 nullam
542 1888 657 1927 enim
691 1889 884 1941 reperies
922 1901 1064 1929 rerum
1097 1887 1408 1929 condicionem
1450 1889 1492 1928 in
1529 1885 1750 1941 Adelphis
1781 1887 2054 1938 Terentiana,

348 1959 419 1998 ubi
470 1959 722 2011 complures
775 1960 946 2012 possint
997 1959 1211 2013 appellari
1257 1963 1504 2020 σοφώτατοι.
1587 1959 1654 2000 sin
1706 1962 1850 2000 autem
1901 1958 2055 2001 scribis

344 2031 375 2073 ὦ
394 2035 611 2090 σοφώτατε
645 2054 699 2059 -
735 2044 820 2084 qua
852 2031 964 2071 inter
995 2044 1042 2072 se
1078 2030 1375 2084 appellatione
1408 2035 1591 2080 utuntur,
1625 2043 1922 2085 nonuunquam
1943 2033 2053 2092 εἰρω.

341 2110 471 2154 νικῶς,
519 2102 637 2142 velut
683 2101 788 2142 Plat.
838 2116 928 2155 rep.
967 2101 1151 2145 1339e.
1201 2101 1334 2155 Gorg.
1382 2100 1506 2144 495d
1555 2125 1610 2132 —
1659 2102 1827 2156 optime
1873 2103 2054 2156 quadrat
2106 2122 2112 2172 ἰ

344 2172 633 2225 fragmentum
679 2173 734 2214 ad
781 2186 927 2216 scaen.
962 2173 1002 2224 3,
1036 2172 1076 2222 3,
1117 2174 1159 2214 in
1197 2186 1281 2226 qua
1318 2171 1466 2226 Syrus,
1507 2173 1710 2216 Micionis
1746 2186 1910 2224 servus,
1951 2179 2112 2230 cums}

346 2245 516 2284 Demea
547 2257 654 2285 sene
687 2245 847 2286 rustico
881 2245 1126 2286 collocutus
1158 2245 1324 2286 domini
1357 2245 1399 2285 in
1431 2243 1704 2286 Aeschinum
1736 2244 2051 2299 indulgentiam

343 2316 469 2355 valde
502 2315 585 2355 sibi
619 2316 854 2369 displicere
887 2316 1071 2365 simulat,
1106 2316 1219 2356 illius
1247 2321 1389 2357 autem
1419 2329 1589 2357 morum
1612 2316 1903 2370 integritatem
1924 2316 2051 2359 nimis
2099 2367 2101 2379 Σ

343 2399 389 2427 se
423 2400 580 2429 amare.
645 2386 700 2427 cf.
733 2400 844 2440 quae
878 2388 982 2428 dicit
1012 2401 1078 2428 vv.
1114 2386 1200 2430 385
1231 2401 1347 2441 sqq.:

1517 2472 1540 2501 o
1571 2457 1744 2510 Demea,

623 2529 734 2571 istrie
766 2533 826 2572 est
855 2531 1014 2582 sapere,
1045 2544 1131 2573 non
1163 2530 1271 2584 quod
1304 2534 1402 2573 ante
1427 2529 1556 2585 pedes
1584 2529 1745 2574 modost

623 2601 773 2650 videre,
807 2600 881 2644 sed
911 2602 1040 2644 etiam
1075 2601 1150 2644 illa
1181 2615 1287 2655 quae
1317 2602 1468 2655 futura
1498 2604 1609 2649 sunt,

623 2674 860 2726 prospicere
894 2705 901 2713 .
938 2705 946 2715 .

338 2748 383 2782 et
415 2744 545 2795 paulo
578 2749 680 2796 post
711 2742 765 2797 (v.
800 2743 886 2786 392
903 2744 1034 2798 sqq.):

511 2815 692 2856 nimium
723 2815 834 2857 inter
862 2828 948 2867 vos,
982 2814 1159 2867 Demea,

511 2885 611 2936 (mm
644 2891 744 2939 quia
777 2888 876 2931 ades
903 2901 1106 2941 praesens
1137 2888 1230 2931 dico
1262 2887 1374 2943 hoel)
1399 2889 1662 2943 pernimium
1693 2888 1877 2931 interest.

512 2959 561 2997 tu
593 2958 980 3012 quantusquantu’s
1009 2959 1085 3002 nil
1114 2960 1219 3002 nisi
1248 2960 1506 3014 sapientia
1537 2972 1597 3011 es,

512 3026 578 3068 ille
608 3028 826 3071 samnium.

2102 2234 2112 2257 d
