2112 3496
975 334 1266 375 -54—

462 452 580 506 lepus
612 452 696 494 tate
727 465 769 494 es
801 452 839 494 et
863 451 1186 505 pulpdmentfam
1217 447 1416 504 quaeris?
1446 454 1493 500 ssss
1523 449 1720 494 hahahde
1733 450 1775 504 ¹).

275 543 320 556 =
357 525 561 575 δασύπους
606 531 733 582 κρεῶν
780 524 981 582 ἐπιθυμεῖς
1032 523 1221 575 Diogen.
1262 522 1323 563 IV
1365 522 1433 564 12.
1505 520 1575 562 hic
1622 522 1814 563 maxime
1851 521 1977 563 locus

269 594 414 635 Luscii
462 595 597 634 movit
642 594 895 634 clamorem.
963 607 1062 634 nam
1102 595 1186 635 iam
1225 594 1371 634 Livius
1410 592 1691 635 Andronicus
1729 598 1774 634 et
1804 592 1978 635 Plautus

270 665 469 720 (fortasse
519 666 646 705 etiam
694 664 902 720 Naevius)
952 666 1110 706 milites
1157 666 1419 706 induxerant
1466 665 1571 705 illud
1618 665 1762 718 ipsum
1794 665 1978 706 verbum

269 737 542 790 proferentes
581 738 622 776 in
662 735 835 777 Colacis
874 736 1148 778 versionibus
1187 735 1248 789 (S.
1282 735 1325 777 h.
1357 735 1412 777 A.
1448 734 1519 784 30,
1556 735 1622 785 13,
1656 736 1704 789 ὃς
1744 735 1854 778 Eun.
1887 736 1976 791 25).

412 809 454 848 in
494 807 575 848 hac
614 809 741 861 igitur
779 821 941 848 scaena
979 808 1053 860 (III
1087 806 1131 863 1)
1170 807 1379 850 Colacem
1419 806 1655 849 adhibitam
1690 819 1789 849 esse
1820 820 1978 861 possu-

270 893 365 920 mus
398 880 715 921 demonstrare.

302 1057 387 1129 Ill.
434 1056 544 1128 De
585 1054 1065 1148 Adelphorum
1112 1056 1595 1148 exemplarium
1637 1057 1949 1149 reliquiis.

412 1176 641 1216 Terentius
683 1175 856 1216 fabulae
898 1189 1001 1217 suae
1042 1177 1273 1229 supposuit
1305 1173 1541 1229 Adelphos
1576 1175 1819 1227 Menandri,
1852 1189 1980 1217 unam

271 1260 475 1288 scaenam
509 1247 676 1300 Diphili
708 1245 1203 1300 Synapothnesconton‚
1238 1260 1366 1300 quam
1399 1246 1571 1287 Plautus
1603 1248 1647 1287 in
1678 1246 1982 1288 Commorien-

271 1319 384 1360 tibus
421 1318 603 1371 reliquit,
644 1319 686 1358 in
725 1331 846 1358 suam
887 1319 1167 1359 comoediam
1208 1318 1454 1371 traduxit2).
1515 1315 1686 1359 fabulae
1718 1316 1887 1372 Diphili
1924 1332 1981 1360 ne

272 1403 404 1430 unum
442 1390 619 1442 quidem
659 1397 851 1431 servatur
888 1390 1190 1444 fragmentum,
1229 1403 1372 1442 neque
1406 1390 1462 1430 de
1496 1389 1895 1431 Commorientibus
1927 1403 1984 1431 ex

272 1475 358 1501 uno
411 1462 531 1513 quod
579 1467 720 1502 exstat
758 1461 1006 1515 fragmento
1047 1462 1276 1514 quicquam
1316 1466 1466 1514 potest
1502 1461 1712 1515 intellegi.
1775 1474 1908 1516 quare
1940 1462 1984 1503 in

272 1531 494 1585 Adelphis
529 1539 594 1573 est
626 1533 1003 1586 requiescendum.

564 1649 937 1706 Adelphorum
969 1647 1335 1693 Menandreae
1369 1647 1694 1706 fragmenta.

416 1734 635 1782 Meineke,
684 1734 890 1775 Menand.
942 1740 984 1775 et
1030 1733 1211 1776 Philem.
1253 1747 1360 1787 pgg.
1398 1733 1532 1789 1—93
1572 1733 1765 1784 Grauert,
1799 1735 1979 1778 analect.

275 1819 380 1859 pgg.
415 1806 667 1859 124-147;
702 1807 843 1855 Kock‚
878 1819 993 1848 com.
1031 1804 1116 1847 Att.
1151 1805 1199 1848 fr.
1232 1805 1288 1846 III
1320 1819 1428 1859 pgg.
1464 1804 1593 1848 3—7.

970 1903 1007 1944 1.
1043 1901 1108 1956 (=
1141 1901 1160 1942 1
1197 1901 1284 1955 Κ).

602 1989 660 2046 χῶ
693 1989 891 2046 μακάριόν
923 1983 1123 2046 φα<σιν>,
1157 1982 1326 2044 γυναῖκ’,
1361 1988 1407 2029 οὐ
1439 1987 1651 2045 λαμβάνω.

419 2081 518 2122 Ter.
551 2079 636 2122 Ad.
669 2096 707 2123 v.
743 2080 811 2123 43.
877 2081 1010 2122 Micio
1050 2093 1190 2121 senex
1222 2078 1336 2120 hanc
1370 2093 1472 2132 prae
1512 2093 1560 2120 se
1592 2079 1674 2121 fert
1705 2074 1984 2138 sententiam:

635 2186 643 2194 .
677 2185 685 2194 .
718 2153 757 2195 et
787 2153 898 2207 quod
928 2151 1196 2205 fortunatum
1227 2152 1302 2193 isti
1330 2154 1499 2203 putant,

591 2225 778 2277 uxorem,
811 2219 1040 2276 mimquam
1075 2222 1217 2265 habui.
1280 2221 1350 2264 ille
1381 2221 1527 2265 co'ntra
1560 2257 1568 2264 .
1604 2256 1612 2265 .

280 2295 332 2333 ad
366 2293 474 2335 haec
507 2301 683 2336 annotat
715 2295 934 2336 Donatus:

279 2364 342 2419 (2)
383 2369 419 2406 et
457 2366 565 2419 quod
601 2366 865 2420 fortunatum
908 2367 934 2407 ι’.
967 2364 1032 2420 p.]
1101 2365 1286 2405 Romani
1319 2365 1499 2414 scilicet,
1533 2365 1605 2418 qui
1636 2364 1832 2407 caelibem
1862 2364 1987 2418 quasi

279 2435 461 2478 caelitem
494 2437 642 2477 dicunt
680 2443 722 2477 et
747 2438 848 2478 item
875 2437 1042 2488 Graeci,
1068 2436 1184 2489 apud
1206 2449 1317 2489 quos
1340 2441 1438 2497 sunt
1459 2435 1706 2477 huiusmodi
1727 2436 1989 2480 sententiae:

426 2554 450 2592 1)
477 2555 563 2586 male
589 2555 701 2586 delent
731 2556 764 2588 et
792 2562 851 2587 «ε
876 2552 992 2595 καίτοι,
1030 2553 1073 2587 ef.
1102 2553 1212 2586 Hand.
1244 2553 1340 2586 Turs.
1368 2554 1397 2585 11
1424 2552 1505 2594 49⁴,
1532 2551 1581 2596 5),
1616 2557 1652 2585 ut
1677 2552 1823 2586 habeant
1849 2549 1988 2597 pilpa-

283 2610 433 2645 mentum
475 2612 617 2655 quaeris
655 2613 699 2656 :lss
738 2610 1004 2656 εζΙιά>ῘιαῙιαήαέ.
1069 2617 1214 2645 attamen
1253 2613 1387 2655 saepius
1427 2613 1516 2655 apud
1542 2613 1696 2645 Plautum
1728 2611 1987 2657 σνςύηιοπίύπι.

282 2668 550 2709 fundamentum
586 2674 626 2706 al.
667 2690 703 2697 -—
741 2683 812 2705 rem
839 2673 945 2716 ipsam
972 2673 1103 2715 optime
1129 2673 1264 2715 explicit
1292 2673 1381 2705 Don.
1419 2672 1460 2704 ad
1485 2672 1569 2705 Eun.
1599 2669 1667 2704 426
1692 2669 1744 2716 (2)
1771 2668 1868 2716 quod
1890 2669 1931 2705 in
1953 2672 1992 2706 10

284 2729 404 2770 habes,
441 2730 506 2764 hoc
537 2731 682 2774 quaeris
711 2730 750 2765 in
782 2729 921 2766 altero?
951 2734 984 2766 et
1014 2734 1067 2767 eet
1091 2731 1210 2775 τρόπος
1236 2731 1423 2775 ἀλληγορία.
1480 2731 1525 2765 cf.
1551 2731 1647 2765 Otto.
1673 2731 1833 2773 proverb.
1859 2728 1941 2771 190,
1965 2727 1989 2764 1

285 2790 380 2830 lepus
407 2789 439 2830 3,
474 2791 529 2831 qui
563 2796 695 2832 poterat
728 2792 852 2824 addere
885 2793 999 2824 locum
1034 2792 1157 2834 Apulei
1193 2798 1327 2825 metam.
1378 2792 1424 2823 IX
1451 2789 1507 2831 28,
1538 2791 1596 2823 ubi
1624 2791 1734 2832 pistor
1757 2789 1871 2824 uxorin
1896 2789 1989 2823 adul-

287 2855 394 2879 terum
435 2851 583 2890 puellum
623 2851 655 2882 in
693 2855 812 2893 stupro
852 2850 1057 2894 deprensum
1095 2849 1237 2885 deducit
1268 2849 1318 2884 ad
1343 2853 1471 2892 torum,
1502 2850 1670 2893 postridie
1702 2849 1752 2882 uic
1780 2848 1916 2882 irridet:
1949 2850 1992 2883 tu

285 2909 399 2940 autem
427 2911 497 2940 tam
525 2908 640 2943 mollis
664 2920 706 2943 ac
732 2912 830 2944 tener
854 2913 887 2944 et
913 2908 1105 2945 admodum
1125 2919 1221 2954 puer
1244 2907 1477 2951 defraudatis
1501 2907 1725 2944 maioribus
1748 2898 1881 2943 addis
1903 2910 1992 2943 tuae

284 2965 371 3005 flore
395 2966 556 3000 muliere*
582 2966 747 3011 adpeti-s?

429 3024 454 3065 ¹)
482 3028 568 3067 prol.
595 3038 645 3059 vv.
673 3026 806 3066 6-14;
834 3029 1018 3061 didascalia
1045 3027 1186 3063 Graeca
1213 3026 1431 3064 Menandru.
1481 3028 1605 3062 Donat.
1633 3027 1674 3059 nd
1699 3027 1756 3060 vit.
1782 3027 1862 3063 Ter.
