2112 3496
12 1291 62 1374 ³157}ss
20 1234 66 1270 ΑΕΔ
53 1168 57 1177 ⁸
11 1095 30 1108 j

844 277 1135 322 ,35-

1107 400 1151 439 ut
1180 396 1336 450 [ἀείσω
1366 401 1413 440 ue
1443 397 1624 442 no‘oerfs:

419 478 611 531 muyans,
644 478 915 530 rubinas-dus,
947 480 1126 533 crispus,
1157 493 1339 532 crassus,
1368 482 1543 532 medus,

419 559 672 615 lentiyinosa
701 562 825 615 facie.

137 654 336 702 Donatus
366 662 562 698 annotat:

276 737 336 794 (3)
373 753 567 795 moyam,
606 740 877 793 rubicundus,
910 741 966 795 0.]
1003 742 1203 795 imperite
1241 743 1490 784 Terentium
1529 743 1584 784 de
1623 743 1832 797 Myconio

131 809 318 865 crispum
362 810 528 852 dixisse
575 812 703 859 aiunt,
752 824 851 852 curn
890 810 1192 866 Apollodorus
1230 813 1406 867 calvum,
1443 815 1564 868 quod
1609 815 1832 869 proprium

134 880 356 936 Myconiis
387 886 466 932 est,
499 887 544 923 ut
575 882 765 924 Lucilius
798 884 866 934 (fr.
904 883 986 925 112
1010 883 1103 932 M.):
1139 882 1310 939 Myconi
1330 884 1447 928 calva
1470 887 1605 928 onmis
1623 887 1833 939 imum

133 953 251 995 unde
272 954 400 996 etiam
422 954 700 1008 proverbium
724 954 957 997 Graecum:
992 955 1316 998 *mirachonos*.
1370 957 1448 998 sed
1472 970 1559 1010 ego
1582 956 1830 999 Terentium

132 1028 240 1080 puto
271 1025 483 1067 scientem
516 1025 694 1067 facetius
728 1026 980 1078 Myconium
1012 1027 1193 1080 crispum
1229 1028 1406 1072 dixisse.

274 1131 485 1175 Wessner
530 1133 572 1173 in
620 1134 812 1174 editione
861 1148 940 1187 pro
989 1141 1193 1187 corrupto
1241 1134 1473 1188 proverbio
1520 1136 1714 1178 inseruit:
1759 1140 1832 1197 μία

129 1204 329 1260 m,
359 1205 480 1246 cuius
514 1204 653 1245 forma
674 1205 847 1258 plenior
878 1204 986 1246 haec
1010 1212 1093 1246 est:
1126 1202 1245 1251 πάνθ’
1278 1210 1351 1251 ὑπὸ
1383 1214 1475 1266 μιᾶς
1495 1205 1697 1253 Μυκόνου.
1749 1207 1831 1249 sed

128 1275 503 1330 quemadmodum
542 1276 649 1316 illud
686 1277 816 1316 cadat
856 1277 895 1316 in
937 1276 1049 1318 hunc
1093 1278 1252 1326 locum,
1299 1291 1386 1318 non
1431 1283 1578 1331 potest
1620 1278 1828 1333 intellegi.

129 1358 232 1388 nam
263 1358 433 1396 omnes,
481 1347 598 1401 apud
638 1360 749 1400 quos
785 1354 987 1397 servatur,
1034 1372 1086 1377 -—
1135 1355 1232 1389 sunt
1264 1355 1406 1389 autem
1441 1347 1645 1402 Apostol.
1679 1349 1748 1398 14,
1781 1349 1827 1398 ὃς

128 1410 323 1460 Eustath.
356 1418 413 1459 ad
445 1418 576 1460 Dion.
611 1418 779 1471 Perieg.
814 1432 888 1472 pg.
913 1419 1021 1467 5253
1055 1419 1183 1472 Greg.
1209 1419 1340 1473 Cypr.
1374 1420 1473 1461 cod.
1497 1420 1621 1461 Leid.
1644 1419 1685 1469 3,
1707 1420 1735 1463 5
1758 1443 1827 1468 ——‚

128 1488 172 1530 in
210 1501 266 1531 eo
302 1490 542 1531 concinunt
577 1491 768 1543 positum
808 1503 905 1531 esse
945 1490 1222 1543 proverbium
1262 1494 1322 1535 ἐπὶ
1360 1499 1439 1535 τῶν
1477 1499 1548 1551 μιᾷ
1577 1495 1672 1554 δίκῃ
1701 1509 1828 1537 κατα·

126 1562 420 1616 δικασθέντων,
466 1562 557 1603 sive
594 1563 715 1615 quod
755 1562 970 1603 Hercules
1010 1562 1069 1603 ob
1108 1563 1300 1603 iniuriam
1342 1563 1424 1603 sibi
1468 1563 1628 1604 illatam
1673 1575 1828 1605 omnes

128 1630 296 1673 insulae
344 1632 512 1675 incolas
560 1646 647 1674 uno
690 1634 907 1687 supplicio
963 1633 1117 1681 affecit,
1179 1635 1268 1674 sive
1319 1634 1438 1687 quod
1484 1634 1653 1676 vincula
1698 1634 1828 1675 solvit

126 1702 379 1757 gigantibus
415 1704 498 1745 sub
537 1705 719 1745 insulam
761 1705 955 1752 deiectis,
997 1711 1040 1745 ut
1073 1706 1128 1745 ait
1160 1703 1317 1745 Strabo
1350 1718 1424 1758 pg.
1458 1705 1542 1746 487
1575 1705 1645 1759 (=
1673 1703 1824 1760 Steph.

126 1772 228 1827 Byz-
259 1773 350 1818 460
379 1774 475 1830 Μ..)
554 1782 596 1817 at
644 1778 685 1817 in
733 1782 826 1816 toto
861 1776 1020 1816 Donati
1068 1777 1270 1817 lemmate
1319 1777 1376 1817 de
1422 1775 1509 1817 hoc
1557 1790 1642 1817 uno
1689 1777 1827 1831 agitur

127 1843 363 1899 MyconIos
409 1846 539 1889 fuisse
586 1848 740 1896 calvo&
792 1848 905 1887 unde
954 1849 1081 1888 etiarn
1130 1846 1406 1899 proverbium
1450 1853 1590 1888 ortum
1638 1860 1736 1889 esse
1783 1856 1826 1889 et

50 1911 61 1943 Ὺ
128 1915 329 1958 Donatus
364 1918 460 1972 ipse
501 1920 606 1960 dicit
637 1924 680 1960 et
712 1918 1026 1972 comprobatur
1056 1919 1200 1958 verbis
1236 1918 1416 1970 Dionysi
1452 1918 1715 1972 Periegetae‚
1753 1921 1825 1973 qui

123 2000 201 2043 pg.
233 1987 337 2040 205,
358 1988 417 2033 28
447 1989 640 2041 (Bernh.)
675 1990 802 2031 haec:
845 1993 1092 2049 ἐπιχωριάζει
1121 1993 1168 2033 δὲ
1200 1996 1285 2042 τοῖς
1315 1992 1523 2043 Μυκονίοις
1553 1994 1823 2051 φαλόαρωσις,

92 2061 192 2105 ·διὸ
226 2061 298 2106 καὶ
331 2065 575 2123 φαλακροὶ
614 2065 848 2107 Μυκόνιοι
884 2066 1084 2119 λέγονται.
1163 2074 1273 2113 quae
1320 2067 1494 2101 secutus
1533 2061 1662 2103 Kock
1707 2065 1822 2115 apud

125 2129 346 2175 Donatum
373 2134 572 2186 Μυκόνιος
601 2136 812 2194 φαλακρός
843 2133 961 2173 iubet
993 2132 1165 2180 restitui,
1210 2138 1251 2172 et
1283 2139 1400 2172 certe
1433 2132 1609 2185 quidem
1642 2132 1822 2174 meliore

122 2213 226 2245 cum
256 2202 347 2245 iure
374 2217 502 2257 quam
527 2218 614 2257 quo
638 2204 849 2245 Wessner
871 2203 989 2243 iubet
1010 2206 1080 2262 μία
1101 2205 1293 2255 Μόκονος.
1337 2216 1435 2243 nam
1459 2203 1499 2243 in
1524 2203 1713 2244 lectione
1736 2209 1821 2245 tam

122 2272 288 2316 incerta
331 2273 448 2316 haud
495 2276 627 2316 licere
675 2275 854 2315 arbitror
904 2276 1076 2314 Donato
1124 2280 1284 2314 tantam
1331 2275 1549 2315 stultitiam
1596 2274 1820 2327 imputare.

124 2348 319 2386 ceterum
354 2359 534 2400 prorsus
573 2353 639 2388 est
672 2346 866 2393 dubium,
907 2358 1009 2385 rene
1042 2358 1141 2385 vera
1174 2346 1214 2384 in
1247 2345 1396 2386 litteris
1428 2346 1538 2387 mira
1571 2346 1697 2387 lateat
1729 2350 1819 2406 μίας

122 2413 231 2462 mihi
259 2417 437 2471 quidem
470 2416 574 2459 nihil
610 2418 724 2458 aliud
758 2418 798 2457 in
838 2418 940 2457 cod.
975 2416 1140 2456 videtur
1173 2422 1344 2456 exstare
1383 2416 1461 2457 nisi
1499 2414 1702 2471 Μύκονος,
1739 2418 1820 2458 sed

484 2507 488 2510 .
938 2482 997 2516 ΚΟ

122 2530 235 2576 falso
265 2535 474 2590 scriptum
507 2542 550 2578 et
581 2541 845 2577 correctum:
881 2534 1102 2571 ΜΙΧΟΝΟΕ
1124 2546 1165 2563 =
1194 2533 1467 2569 Mlxoonoc
1485 2546 1525 2563 =
1543 2534 1818 2578 nemobonus.

122 2607 171 2646 et
197 2604 334 2648 verba
362 2609 545 2661 Μόκονος
584 2613 710 2660 atque
743 2609 947 2659 Μυκόνιος
985 2606 1072 2646 sere
1105 2605 1221 2646 idem
1255 2617 1354 2646 8880
1386 2606 1427 2645 in
1471 2605 1629 2646 Donati
1662 2605 1820 2647 codice

122 2676 437 2732 comprobatur
483 2678 548 2720 his
595 2674 833 2731 scripturis:
884 2680 1086 2735 ἰδωτισμῷ
1116 2696 1158 2710 =
1189 2679 1426 2735 ἰδωιτισμῷ,
1474 2676 1580 2717 aliis.
1661 2677 1818 2730 quodsi

121 2749 329 2790 remansit
363 2749 507 2791 solum
548 2762 707 2790 nomen
755 2749 920 2789 insulae
966 2749 1033 2788 vel
1081 2747 1275 2795 insulani,
1323 2752 1504 2800 apparet
1548 2747 1817 2788 intercidisse

120 2817 295 2873 aliquid,
317 2833 406 2874 quo
427 2820 741 2874 significaretur
761 2822 786 2874 ἡ
808 2821 1076 2879 φαλάκρωσις.
1134 2817 1261 2859 Kock
1284 2818 1410 2870 igitur
1430 2818 1601 2871 scripsit
1622 2819 1819 2871 Μυκόνιος

119 2891 344 2951 φαλακρός,
391 2905 479 2945 quo
525 2892 678 2932 melius
724 2889 946 2942 hucusque
989 2887 1090 2929 nihil
1132 2895 1197 2930 est
1233 2888 1602 2931 commendatum.

261 2960 489 3004 Terentius
507 2963 549 3003 in
570 2962 766 3002 versibus
788 2962 874 3002 suis
900 2962 1038 3013 magis
1061 2961 1400 3001 adnominationi
1421 2959 1613 3014 (crispus,
1633 2972 1815 3011 mame,
