2112 3496
837 325 1103 369 -5-

131 492 133 494 ,
261 444 376 489 hanc
405 445 658 500 (Iunonem)
688 445 864 499 quidam
886 450 1034 486 tamen
1060 444 1207 498 potius
1243 442 1437 487 Dianam
1474 455 1573 486 esse
1601 443 1821 485 dixerunt:

117 531 221 563 nam
250 518 310 561 ita
340 516 583 560 Menander
613 517 752 571 ipsam
784 521 926 566 vocat,
959 528 1058 557 cum
1091 516 1196 557 dicit
1224 513 1429 576 Ἄρτεμιν.

260 589 346 632 iam
377 589 548 644 pridem
581 588 790 630 collatum
822 593 889 629 est
919 600 1018 628 cum
1067 587 1170 628 loco
1217 586 1483 628 Terentiano
1528 584 1731 628 scholion
1778 586 1820 627 in

117 659 309 705 Thence.
328 660 371 703 2.
392 659 471 703 66:
502 663 574 705 καὶ
602 662 711 719 παρὰ
730 661 948 719 Μενάνδρῳ
980 660 1023 703 αἱ
1050 661 1289 704 κυΐσκουσαι
1317 660 1604 703 ἐπικαλοῦνται
1626 658 1703 713 τήν
1721 658 1824 717 Ἀρ·

116 749 236 794 τιμιν
265 733 480 788 ἀξιοῦσθαι
507 734 759 791 ξυγγνώμης,
781 732 847 775 ὅτι
865 732 1177 789 ammaum.
1210 729 1345 770 verba
1363 727 1628 777 scholiastae
1661 728 1824 770 eximia

117 815 222 847 cum
252 802 521 856 benignitate
553 814 727 843 mecum
750 801 1088 843 communicavit
1108 800 1311 849 Wendel‚
1335 801 1397 841 vir
1419 800 1711 848 doctissimus,
1734 812 1822 853 quo

116 881 295 917 curante
325 872 496 916 scholia
522 874 564 914 in
586 871 870 914 Theocritum
892 877 1040 913 vetera
1069 872 1186 925 apud
1204 871 1483 913 Teubnerum
1501 884 1610 912 mox
1627 870 1821 912 edentur.

117 949 402 992 ωηαλοσνται
432 944 637 986 Meineke
670 945 842 998 scripsit
874 943 954 996 (IV
993 943 1116 992 1841,
1149 942 1220 997 82)
1255 956 1336 996 pro
1369 944 1651 988 ἐπικαλεῖσθαι
1689 941 1822 983 codd.

115 1017 201 1060 sed
230 1017 398 1059 formae
429 1016 737 1070 appellationis
769 1017 1028 1060 ἐπικαλεῖσθε
1061 1019 1104 1055 et
1133 1015 1416 1074 διεκορήθιητι,
1449 1013 1607 1067 quibus
1643 1013 1824 1056 Grauert

115 1088 161 1143 (l.
176 1101 215 1131 c.
233 1101 310 1143 pg.
345 1085 449 1142 18⁰)
471 1087 684 1128 adductus
708 1092 785 1135 est,
811 1094 856 1127 ut
879 1086 1148 1127 Menandrea
1170 1085 1240 1126 hic
1264 1086 1398 1126 latere
1420 1090 1602 1139 putaret,
1622 1085 1665 1126 in
1687 1084 1821 1126 codd.

117 1173 208 1202 non
238 1160 453 1214 leguntur.

794 1231 833 1271 3.
866 1231 934 1279 (=
974 1229 1027 1271 41
1064 1228 1151 1282 K.).

545 1334 572 1354 ι-
591 1349 616 1354 -
633 1338 663 1355 υ
681 1347 706 1354 ..
726 1334 756 1354 τ
785 1314 956 1358 λούσατ’
990 1315 1116 1368 αὐτὴν
1146 1315 1305 1357 αὐτίκα.

259 1409 357 1451 Ter.
390 1409 526 1450 Andr.
560 1422 598 1449 ν.
633 1407 732 1451 483.
795 1407 956 1448 Lesbia
978 1407 1192 1448 obstetrix
1210 1405 1436 1460 Archylidi
1457 1412 1694 1455 matronae,
1712 1419 1823 1460 quae

115 1493 218 1523 cum
251 1479 426 1533 Myside
458 1480 614 1521 ancilla
645 1480 687 1520 in
719 1479 877 1519 domus
910 1479 1056 1519 limine
1088 1483 1171 1519 stat
1188 1478 1230 1530 ι),
1265 1477 1375 1519 haec
1406 1478 1608 1531 imperat:

115 1565 229 1595 nunc
251 1546 442 1605 primiim
472 1553 545 1605 sac
574 1549 725 1594 *istaec
756 1551 829 1592 *ut
860 1550 990 1601 lave't3
1031 1550 1153 1603 pbste
1182 1549 1333 1592 deind&
1379 1563 1419 1591 e.
1452 1563 1494 1602 q.
1527 1562 1561 1590 s.
1610 1548 1666 1589 ad
1713 1561 1824 1602 quae

119 1622 335 1666 Donatus:
1221 1606 1254 1617 υ

260 1692 326 1749 (1)
357 1708 469 1737 nuru:
495 1694 684 1748 primum
715 1696 789 1748 fac
817 1694 899 1735 ista
930 1697 975 1734 ut
1006 1692 1133 1747 lavet]
1159 1693 1398 1746 imperitiae
1421 1697 1622 1733 notantes
1645 1690 1825 1732 Menan·

116 1766 243 1807 dmm
272 1771 316 1807 et
336 1765 585 1807 Terentium
610 1766 692 1818 ipsi
715 1766 826 1806 ultro
848 1765 1033 1818 imperiti
1056 1764 1338 1805 inveniuntur.
1372 1777 1471 1804 nam
1495 1768 1539 1804 et
1558 1763 1631 1804 ille
1651 1763 1823 1808 λούσατ’

114 1841 243 1895 αὐτήν
274 1837 427 1878 dicens
458 1850 483 1878 a
514 1836 831 1877 consuetudine
865 1850 952 1876 non
985 1836 1177 1882 recessit,
1211 1848 1308 1876 cum
1342 1831 1611 1890 *lavisse[se]
1644 1839 1715 1875 aut
1735 1846 1824 1874 non

117 1909 307 1951 lavisse*
338 1922 363 1949 a
384 1914 505 1962 parte
526 1913 664 1948 totum
687 1906 983 1961 significantes
1014 1931 1072 1937 —
1101 1912 1144 1947 et
1165 1906 1391 1947 Terentius
1412 1906 1593 1959 propius
1615 1905 1671 1946 ad
1693 1905 1825 1959 signi·

116 1979 365 2022 ficationem
401 1980 586 2021 accessit
616 1980 699 2022 ista
731 1980 935 2027 dicendo,
970 1992 1024 2019 ne
1057 1977 1265 2031 pudenda
1296 1978 1550 2018 nominaret.

258 2050 324 2107 (3)
356 2052 428 2105 fac
449 2052 532 2094 ista
555 2055 600 2094 ut
621 2051 750 2105 lavet]
771 2052 853 2093 ista
874 2064 985 2103 quae
1008 2063 1066 2090 ex
1087 2050 1320 2103 puerperio
1343 2048 1595 2090 sordebant.
1649 2047 1824 2102 quidam

114 2123 303 2178 istam),
337 2124 476 2177 ipsam
510 2135 771 2176 puerperam
804 2123 952 2163 dicunt
983 2145 1039 2151 -
1073 2122 1135 2161 sic
1168 2121 1282 2161 enim
1316 2125 1360 2160 et
1391 2119 1633 2161 Menander
1653 2115 1822 2165 λούσατ’

114 2196 244 2251 αὐτὴν
273 2196 421 2239 αὐτίκα
451 2218 508 2224 -
541 2194 621 2235 sed
644 2194 884 2247 imperitiae
907 2198 1174 2241 accusantur,
1198 2191 1317 2244 quod
1340 2204 1428 2231 non
1451 2191 1660 2232 continuo
1681 2190 1827 2232 solent

115 2270 222 2319 post
252 2267 528 2319 puerperium
564 2266 719 2314 lavare,
753 2265 834 2305 sed
866 2264 1022 2305 diebus
1055 2264 1239 2304 omissis.

260 2336 420 2378 Verbis
453 2337 732 2378 Menandreis
765 2350 789 2377 a
820 2336 1019 2377 Bentleio
1042 2335 1249 2377 correctis
1272 2334 1399 2375 nobis
1421 2338 1565 2383 restat,
1589 2338 1633 2373 ut
1653 2345 1823 2374 versum

114 2407 423 2450 Terentianum
457 2421 556 2449 cum
589 2407 768 2449 scholiis
794 2408 954 2449 Donati
976 2412 1221 2448 tractemus.
1273 2411 1316 2447 et
1336 2405 1544 2459 cogitanti
1567 2402 1685 2455 mihi,
1709 2405 1824 2445 unde

116 2479 331 2532 incipiens
368 2480 596 2520 celerrime
634 2493 725 2520 rem
764 2479 820 2520 ad
859 2477 990 2519 finem
1030 2478 1261 2526 deducam,
1301 2478 1342 2517 in
1381 2481 1574 2517 mentem
1610 2476 1728 2517 venit
1759 2488 1824 2523 ea,

114 2564 229 2605 quae
260 2551 466 2592 sentirem
499 2549 880 2604 comprehendere
913 2548 979 2591 his
1010 2548 1225 2590 thesibus:

262 2622 301 2664 1.
334 2621 477 2665 lavare
492 2623 665 2676 ponitur
682 2628 725 2663 et
737 2622 954 2663 transitive
971 2621 1028 2675 (=-
1038 2620 1240 2675 reiniyen)
1257 2627 1300 2660 et
1312 2620 1575 2660 intransitive
1590 2617 1824 2671 (-=baden);

116 2692 205 2735 hoc
226 2694 329 2734 loco
353 2705 536 2735 necesse
555 2699 622 2735 est
638 2689 818 2734 verbum
837 2692 1076 2735 adhibitum
1096 2704 1194 2733 esse
1212 2692 1442 2739 transitive,
1467 2691 1566 2744 quia
1581 2701 1825 2744 puerperae

260 2788 290 2829 ¹)
316 2787 361 2821 οἱ.
386 2786 470 2821 aare
494 2798 524 2820 v.
551 2786 632 2821 485.
1763 2833 1767 2837 ῃ

262 2845 290 2892 ²)
317 2847 366 2879 sic
392 2846 492 2879 codd.
519 2849 546 2879 Α
573 2847 598 2879 Β
623 2847 651 2879 T
676 2846 720 2884 C:
747 2846 840 2889 quod
866 2847 907 2878 W
932 2846 1049 2879 nescio
1076 2856 1144 2888 quo
1163 2846 1235 2877 iure
1254 2843 1395 2876 mutavit
1418 2844 1452 2875 in
1476 2842 1558 2877 ista.
1608 2842 1825 2875 falsissimum

116 2905 184 2939 hoc
209 2910 271 2939 est.
319 2916 399 2938 nam
424 2906 530 2939 verbo
555 2904 701 2950 quidam
727 2905 883 2939 Donntu·
909 2905 1108 2937 inducturus
1134 2908 1185 2936 est
1210 2904 1348 2935 alteram
1374 2907 1511 2944 praeter
1535 2900 1607 2935 ista
1631 2901 1826 2941 lectionem,

118 2974 186 3007 qua
222 2964 315 2998 docti
346 2965 397 2997 illi
429 2965 536 3008 ipsam
568 2974 771 3008 puerperam
803 2965 966 3007 puubant
998 2962 1192 3005 significari.
1244 2962 1326 2994 haec
1357 2961 1450 2993 nulla
1481 2961 1547 2993 alis
1577 2964 1692 3003 potest
1722 2960 1826 2993 sitisse

117 3023 223 3061 lectio
247 3025 312 3058 nisi
337 3023 444 3059 istam
469 3025 525 3067 (οἱ.
552 3026 670 3059 eum:
694 3023 748 3059 sic
770 3026 806 3060 et
829 3021 1035 3059 Menander
1058 3020 1187 3063 dvj-v).
