2112 3496
1041 336 1337 378 -66—

337 460 385 501 τὸ
434 459 633 517 ἀνέπαφον
678 459 837 515 χωρίον·
885 459 934 500 τὸ
971 459 1050 516 γὰρ
1090 459 1341 516 ὑποκείμενον
1379 458 1568 517 ἐστίχθαι
1605 460 1774 517 ἐλέγετο
1812 463 1856 499 et
1886 458 2044 501 Pollux

337 528 378 578 3,
412 529 487 571 85:
520 531 638 581 λίθος
668 529 717 583 ἦν
746 531 771 584 ἢ
804 532 936 584 στήλη
967 546 1028 580 τις
1058 531 1243 583 δηλοῦσα
1273 531 1365 572 κτλ.

478 613 516 640 v.
553 600 576 640 1
608 603 821 660 δαιμονᾶις
853 600 1032 653 egregie
1066 613 1090 640 e
1122 599 1326 640 codicum
1358 602 1589 660 δαίμωνδόο
1613 601 1793 642 restituit
1813 601 1981 642 Porson
2001 602 2045 643 in

337 671 574 713 miscellan.
606 671 705 713 250.
735 695 796 701 —
826 685 863 714 v,
895 671 923 713 3
959 668 1008 727 (ἢ
1039 674 1110 716 καὶ
1134 670 1279 728 πλέον>
1305 671 1408 713 coll.
1431 671 1638 713 Terentio
1661 672 1829 713 addidit
1849 672 2045 714 Reitzen-

339 744 462 792 stein,
502 744 572 796 qui
610 743 789 784 alteram
827 743 1058 796 fragmenti
1096 749 1264 797 partem
1303 743 1773 785 Hautontimorumenu
1812 756 1910 786 esse
1946 757 2046 798 per-

338 815 495 868 spexit.
534 819 633 855 sunt
655 815 770 855 enim
792 813 927 856 verba
949 813 1191 856 Chremetis
1215 815 1270 855 ad
1292 815 1606 856 Menedemum
1630 815 1745 856 dicta
1764 828 1831 856 vv.
1854 814 2044 858 61—64.

549 912 650 940 nam
674 896 757 951 prd
789 898 911 941 deum
942 899 1067 952 (itque
1096 898 1314 941 hominum
1344 899 1484 953 fidem,
1517 899 1619 952 quid
1649 900 1714 941 vis
1743 897 1846 941 tibi?

551 969 655 1022 quid
685 968 880 1024 quaeris?
925 982 1061 1012 annos
1089 970 1309 1023 sexayinta
1341 973 1470 1012 natus
1499 982 1554 1022 eS,

548 1045 628 1083 aut
650 1041 755 1094 plus
785 1054 845 1093 εο,
875 1045 923 1083 ut
952 1041 1133 1094 conicio,·
1164 1054 1316 1095 ayrum
1346 1042 1393 1083 in
1423 1040 1492 1083 his
1519 1041 1764 1095 ‘reqionibus

549 1111 763 1155 meliorem
792 1125 923 1166 neque
946 1113 1063 1165 preti
1093 1112 1270 1154 maioris
1298 1124 1417 1155 nemo
1449 1111 1583 1157 habet.

339 1208 437 1236 cum
476 1195 559 1235 illis
595 1198 722 1255 τρισίν
749 1213 798 1255 γε
830 1196 914 1236 iarn
947 1196 1240 1237 Reitzenstein
1272 1196 1455 1236 contulit
1484 1201 1540 1240 τὰ
1569 1200 1664 1256 τρία
1693 1201 1815 1246 κακά,
1850 1197 1906 1238 ad
1937 1210 2048 1251 quae

339 1267 425 1307 vid.
461 1266 645 1307 Useneri
678 1267 1028 1308 dissertationem
1061 1280 1191 1320 quam
1224 1267 1276 1310 de
1307 1267 1446 1310 triade
1483 1268 1656 1325 scripsit
1685 1269 1730 1309 in
1761 1268 1874 1311 Mus.
1906 1267 2047 1309 Rhen.

340 1338 427 1378 vol.
460 1337 516 1380 58
550 1337 701 1394 (1903)
748 1351 823 1392 pg.
857 1337 945 1380 357
978 1352 1020 1384 n.
1053 1338 1080 1380 2
1127 1339 1341 1392 locosque
1389 1338 1447 1379 ibi
1495 1340 1664 1380 citatos.
1711 1344 1767 1385 τὰ
1810 1343 1902 1400 τρία
1938 1343 2051 1385 κακά

342 1410 397 1463 (1.
430 1411 543 1471 ξίφος
579 1409 620 1451 2.
654 1412 807 1470 ἀγχόνη
846 1410 916 1450 vel
953 1414 1131 1470 κρημνός
1166 1410 1237 1451 vel
1276 1412 1422 1471 βρόχος
1458 1409 1499 1453 3.
1533 1411 1709 1465 κώνειον)
1748 1411 1867 1453 idem
1904 1412 2051 1453 valent

344 1486 472 1534 atque
511 1485 567 1525 τὰ
604 1485 779 1540 μέγιστα
820 1485 951 1540 κακοὶ.4
1008 1487 1054 1523 ut
1090 1483 1218 1535 igitur
1254 1482 1404 1523 dicunt
1435 1485 1475 1526 ἐν
1506 1490 1591 1535 τοῖς
1621 1486 1827 1543 μεγίστοις
1857 1487 2051 1543 μέγιστον

341 1554 410 1593 vel
444 1555 484 1597 ἐν
510 1559 598 1606 τοῖς
618 1557 826 1606 κακίστοις
847 1556 1057 1605 κάκιστον,
1081 1555 1138 1594 ita
1158 1558 1359 1607 poterant
1381 1554 1507 1594 etiam
1532 1557 1573 1599 ἐν
1593 1561 1680 1607 τοῖς
1698 1557 1824 1614 τρισὶν
1843 1553 2048 1600 κάκιστον.

344 1637 452 1664 mox
484 1625 557 1666 ubi
589 1625 793 1665 dictionis
827 1626 952 1680 origo
987 1630 1054 1666 est
1085 1625 1343 1674 oblitterata,
1377 1629 1417 1670 ἐν
1447 1632 1533 1678 τοῖς
1563 1629 1688 1686 τρισίν
1719 1626 1882 1668 eodem
1914 1625 2050 1667 modo

344 1708 431 1748 quo
470 1698 510 1741 ἐν
546 1703 634 1750 τοῖς
665 1699 846 1756 μάλιστα
877 1697 1041 1750 passim
1075 1701 1119 1738 et
1149 1697 1192 1738 in
1223 1697 1346 1738 malis
1379 1696 1509 1738 rebus
1543 1701 1587 1738 et
1617 1698 1659 1738 in
1691 1696 1821 1738 bonis
1851 1697 2052 1739 videntur

343 1765 610 1816 adhibuisse;
660 1772 703 1808 et
747 1772 880 1818 recte,
930 1772 975 1809 ut
1012 1769 1182 1821 opinor,
1221 1769 1294 1809 ille
1333 1769 1577 1821 suspicatus
1619 1773 1685 1810 est
1721 1769 1940 1810 invenisse
1972 1781 2050 1810 eos

344 1839 477 1879 altera
506 1842 598 1899 τρία
628 1839 827 1898 ἀγαθάῑ).

1009 1948 1049 1990 2.
1083 1947 1152 2003 (=
1178 1947 1261 1990 141
1295 1948 1384 2002 K.).

635 2035 821 2092 λουτρόν,
855 2034 1114 2092 θεραπαίνας,
1152 2028 1430 2090 (στρώματ’),
1466 2033 1756 2091 ἀργυρώματα.
2108 2089 2112 2102 *A

481 2124 736 2168 Athenaeus
769 2140 843 2181 pg.
875 2126 960 2170 231
972 2139 1014 2167 a:
1047 2129 1283 2187 Μένανδρος
1312 2122 1490 2171 Ἑαυτὸν
1520 2130 1824 2186 τιμωρουμένῳ·
1853 2129 1892 2170 λ.
1926 2127 2052 2185 θερα-

343 2199 484 2250 παίνας
520 2199 809 2259 ἀργυρώματα.
848 2222 905 2229 -
943 2203 1047 2252 post
1077 2200 1336 2258 θεραπαίνας,
1371 2198 1396 2239 i.
1432 2211 1468 2239 e.
1502 2202 1606 2250 post
1636 2209 1861 2238 caesuram
1896 2195 2052 2250 Jacobi

343 2273 461 2309 recte
493 2270 637 2310 statuit
667 2270 880 2320 lacunam,
914 2283 1044 2323 quam
1077 2269 1272 2323 explevit
1303 2274 1478 2310 secutus
1511 2268 1557 2310 fr.
1582 2267 1609 2311 3
1631 2267 1901 2323 Apollodori
1923 2266 2053 2309 Geloi

345 2337 414 2391 (III
447 2338 533 2381 279
565 2339 657 2396 K.):

844 2416 985 2470 ἐφεξῆς
1017 2411 1224 2474 στρώματ’
1257 2415 1549 2473 ἀργυρώματα,

347 2507 476 2546 quem
515 2509 663 2537 versus
702 2495 831 2538 finem
872 2495 943 2538 hic
980 2497 1223 2538 secundum
1261 2496 1382 2537 illum
1414 2496 1583 2537 videtur
1622 2494 1892 2536 informasse.
1955 2498 2054 2536 sunt

347 2564 480 2605 verba
526 2566 779 2608 Menedemi
826 2567 1088 2617 Terentiam,
1152 2566 1223 2620 qui
1273 2566 1493 2608 Chremeti
1540 2570 1682 2607 narrat
1728 2564 1820 2608 fllio
1870 2569 2054 2620 propter

489 2682 517 2727 1)
543 2685 585 2719 cf.
613 2685 735 2718 Eubuli
762 2685 803 2719 fr.
830 2683 876 2719 94
901 2686 942 2719 K.
969 2685 1016 2722 ‹11
1043 2683 1144 2730 196):

771 2747 858 2790 τρεῖς
881 2747 943 2790 γὰρ
969 2744 1088 2790 μόνους
1112 2748 1280 2789 κρατῆρας
1304 2740 1510 2789 ἐγκεραννύω

771 2807 838 2846 τοῖς
861 2803 1073 2850 εὔφρονοῦσι·
1099 2803 1155 2840 τὸν
1181 2804 1242 2849 μὲν
1266 2803 1422 2849 ὑγιείας
1447 2801 1516 2845 ἕνα,

773 2862 809 2900 ὃν
833 2868 964 2909 πρῶτον
988 2861 1163 2908 ἐκπίνουσι,
1189 2863 1245 2900 τὸν
1270 2863 1309 2900 δὲ
1334 2864 1486 2908 δεύτερον

774 2920 923 2968 ἔρωτος
947 2921 1098 2969 ἡδονῆς
1122 2936 1180 2964 τε.
1206 2922 1261 2959 τὸν
1286 2922 1394 2968 τρίτον
1419 2922 1451 2958 δ’
1477 2922 1614 2966 ὕπνου,

774 2981 809 3018 ὃν
834 2979 1002 3024 ἐκπιόντες
1026 2980 1055 3019 οἱ
1082 2982 1180 3028 σοφοὶ
1203 2981 1401 3029 κεκλημένοι

774 3039 890 3078 οἶκαδε
915 3041 1098 3087 βαδίζουσῖ
1137 3041 1154 3078 ὁ
1179 3042 1217 3077 δὲ
1242 3041 1395 3087 τέταρτος
1420 3068 1428 3077 .
1455 3068 1463 3077 .
1492 3070 1499 3077 .
