2112 3496
317 866 430 940 De
476 866 751 939 Terenti
803 869 1288 961 exemplarium
1338 872 1650 964 reliquiis.

275 1008 451 1064 Quanto
497 1010 662 1064 gaudio
695 1010 880 1051 futurum
914 1017 1030 1053 esset
1068 1018 1319 1067 quantoque
1357 1015 1600 1056 commodo
1633 1017 1842 1070 exempla

130 1078 289 1127 Attica.
321 1081 358 1123 si
389 1086 575 1122 aetatem
608 1082 818 1131 tulissent,
853 1094 1110 1136 comparare
1142 1096 1242 1125 cum
1276 1085 1523 1127 comoediis
1553 1086 1839 1138 Terentianis,

130 1152 217 1193 iam
247 1150 299 1194 G.
332 1151 382 1193 E.
422 1152 625 1206 Lessing,
666 1159 711 1194 et
748 1154 1021 1206 antiquorum
1054 1159 1099 1195 et
1130 1155 1374 1208 aequalium
1408 1157 1758 1210 elegantissimus
1796 1159 1840 1200 in

131 1222 264 1265 rebus
294 1224 509 1265 scaenicis
531 1224 703 1272 arbiter,
737 1225 853 1265 clare
885 1226 1128 1279 perspexit,
1160 1238 1260 1267 cum
1292 1228 1335 1267 in
1364 1227 1683 1282 dramaturgiae
1703 1229 1840 1272 Ham-

130 1293 377 1348 burgiensis
409 1307 538 1348 quam
571 1301 701 1336 vocat
732 1308 829 1349 cap.
864 1295 933 1337 99.
967 1296 1049 1337 sub
1082 1295 1214 1338 finem
1247 1297 1358 1339 haec
1390 1299 1515 1340 dicit:

347 1365 575 1418 „Miiehten
606 1366 854 1421 weniystens
883 1381 967 1409 nur
1009 1367 1244 1423 diejeniyen
1282 1368 1435 1412 Stficke
1471 1369 1544 1413 des
1580 1370 1842 1416 Menanders

275 1436 360 1488 auf
387 1450 470 1479 uns
498 1436 738 1491 yekommen
769 1439 873 1491 sein,
905 1438 1052 1482 welche
1088 1439 1247 1482 Terens
1276 1444 1447 1495 yenutaet
1473 1440 1565 1484 hat!
1628 1441 1707 1486 101·
1726 1442 1841 1486 kann

273 1509 358 1549 mir
410 1508 550 1550 nichts
602 1508 1014 1553 Unterrichtenderes
1058 1510 1231 1561 denken,
1278 1511 1348 1553 als
1390 1513 1482 1555 eine
1541 1512 1842 1569 Veryleiclumq

272 1578 408 1621 dieser
451 1578 734 1634 qrioehiscloen
787 1579 1007 1635 Oriyinale
1058 1583 1135 1624 mit
1193 1582 1273 1625 den
1334 1583 1605 1627 lateinischen
1666 1584 1841 1639 Kopion

273 1650 364 1692 sein
395 1650 578 1693 wstrde‘fl

274 1721 317 1761 in
359 1719 441 1762 hac
473 1722 727 1774 quaestione
761 1723 898 1763 multo
932 1722 1127 1765 feliciore
1160 1738 1242 1766 nos
1275 1726 1431 1766 utimur
1451 1727 1717 1768 condicione
1748 1727 1838 1770 illo.

130 1792 201 1833 cui
240 1791 357 1832 nulla
408 1791 497 1832 sere
531 1798 705 1846 praesto
754 1799 874 1834 erant
920 1794 1144 1836 doctrinae
1191 1797 1419 1849 praesidia,
1467 1798 1567 1850 quia
1611 1803 1840 1851 poetarum

131 1862 314 1904 disiecta
345 1862 543 1904 membra
564 1865 792 1905 maximam
816 1870 983 1918 partem
1006 1866 1049 1906 in
1070 1869 1452 1920 grammaticorum
1475 1868 1594 1910 libris
1616 1868 1839 1910 oblivione

130 1939 222 1975 tum
254 1939 375 1975 erant
412 1934 581 1975 obruta.
644 1936 911 1989 insequentis
952 1942 1096 1978 autem
1134 1939 1299 1979 saeculi
1337 1944 1380 1980 et
1421 1940 1463 1980 in
1501 1939 1678 1980 edendo
1716 1945 1760 1981 et
1795 1940 1839 1981 in

130 2004 388 2059 colligendo
420 2005 572 2046 studiis
605 2019 745 2047 novae
785 2008 1046 2049 comoediae
1084 2010 1266 2050 scientia
1303 2010 1478 2064 longius
1516 2015 1583 2052 est
1618 2016 1840 2065 provecta.

131 2082 283 2117 nostro
326 2076 517 2129 denique
549 2084 813 2119 reservatum
848 2084 938 2120 erat
969 2081 1147 2121 saeculo
1180 2079 1349 2122 fabulas
1387 2083 1503 2135 ipsas
1545 2095 1603 2123 ex
1639 2080 1840 2136 Aegypti

131 2147 345 2201 sepulcris
377 2154 656 2201 recuperatas
689 2150 827 2191 oculis
859 2151 1057 2204 aspicere
1081 2152 1222 2206 aliqua
1243 2165 1325 2206 spe
1347 2165 1483 2206 usque
1506 2153 1561 2193 ad
1582 2151 1699 2194 hunc
1720 2153 1839 2194 diem

131 2219 332 2273 decepta.
396 2233 496 2260 nam
530 2233 610 2273 pro
655 2233 732 2262 sua
763 2220 947 2275 perfidia
979 2222 1195 2264 Fortunae
1228 2237 1283 2264 ne
1317 2237 1447 2264 unum
1476 2223 1654 2277 quidem
1675 2224 1842 2278 placuit

131 2302 215 2331 nec
246 2289 424 2331 Terenti
457 2302 541 2331 nec
579 2290 713 2332 Plauti
754 2293 983 2346 exemplar
1020 2291 1214 2334 Atticum
1257 2294 1387 2335 nobis
1426 2294 1605 2344 donare,
1645 2307 1734 2349 quo
1777 2293 1838 2346 fit,

131 2366 177 2403 ut
207 2362 251 2403 in
282 2362 355 2403 illa
386 2364 655 2415 quaestione.
690 2364 917 2416 quomodo
949 2370 1109 2418 poetae
1149 2364 1332 2406 Romani
1373 2366 1620 2407 comoediis
1660 2365 1839 2410 Graecis

130 2433 196 2474 usi
226 2433 325 2486 sint,
358 2434 491 2475 multa
523 2435 719 2475 nondum
752 2435 955 2488 liqueant,
989 2436 1153 2477 interea
1183 2449 1253 2477 res
1294 2437 1530 2491 praecipue
1569 2438 1611 2478 in
1648 2437 1839 2491 reliquiis

130 2504 185 2546 sit
214 2504 307 2545 sita.
371 2517 553 2563 quorum
610 2519 674 2554 ea,
715 2519 826 2559 quae
873 2512 973 2548 sunt
1016 2506 1193 2548 Terenti
1241 2508 1573 2561 exemplarium,
1618 2507 1748 2550 nobis
1793 2508 1837 2550 in

131 2575 277 2616 animo
310 2580 377 2616 est
407 2582 651 2626 retractare,
685 2578 720 2617 si
752 2578 856 2631 quid
888 2578 989 2618 novi
1021 2580 1242 2632 possimus
1272 2579 1481 2633 proferre.

274 2646 384 2687 Fere
415 2646 475 2689 80
496 2647 738 2700 fragmenta
772 2654 882 2701 sunt,
912 2662 1095 2703 quorum
1118 2649 1176 2693 35
1197 2650 1414 2691 debentur
1438 2651 1627 2700 Donato,
1650 2649 1679 2692 9
1700 2648 1839 2692 Athe-

132 2730 260 2766 naeo,
294 2717 321 2759 8
353 2716 564 2767 Stobaeo,
608 2718 633 2759 7
667 2717 835 2769 Photio,
874 2719 942 2761 bis
979 2721 1007 2763 3
1055 2722 1221 2762 Polluci
1260 2727 1303 2762 et
1350 2721 1562 2771 Zenobio,
1610 2722 1838 2775 quinquies

131 2786 159 2829 2
190 2787 434 2837 Plutarcho,
458 2788 687 2838 Clementi,
710 2790 883 2840 Suidae,
904 2790 1084 2833 scholiis
1107 2792 1311 2842 Platonis,
1343 2790 1644 2842 monostichis,
1673 2792 1840 2846 reliqua

132 2859 237 2901 aliis.
301 2873 446 2913 quare,
495 2862 594 2913 quia
625 2862 810 2915 plurima
842 2869 1015 2903 exstant
1046 2864 1163 2917 apud
1195 2870 1417 2905 auctorem
1456 2864 1672 2913 Latinum,
1712 2869 1839 2905 antea

131 2942 272 2984 pauca
303 2931 359 2971 de
393 2931 555 2972 Donati
588 2932 791 2973 codicum
816 2933 966 2974 litteris
990 2934 1166 2975 Graecis
1190 2947 1301 2988 opus
1325 2940 1390 2975 est
1412 2935 1511 2978 dici.
1555 2947 1656 2975 nam
1686 2946 1837 2988 quam·

131 3013 261 3054 quam
293 3002 522 3055 plurimam
555 3003 615 3043 illi
648 3004 863 3046 debemus
894 3006 1091 3059 gratiam,
1125 3006 1246 3059 quod
1284 3012 1400 3048 totos
1439 3006 1705 3048 Graecorum
1743 3018 1838 3047 ver·

1581 3077 1596 3110 1
