2112 3496
822 305 1116 348 -21-

115 435 218 467 nam
252 421 315 466 ibi
351 423 459 465 alius
496 424 567 464 alii
604 424 787 465 oelicem
818 424 959 474 tradit,
992 429 1223 478 postquam
1257 425 1353 479 ipse
1384 423 1507 475 bibit,
1541 438 1647 467 anus
1678 430 1822 467 autem

114 494 337 538 neminem
369 493 515 543 habet,
549 495 618 536 cui
649 495 892 536 committat
922 496 1104 537 calicem
1133 496 1336 550 ideoque,
1360 501 1406 537 ut
1426 500 1559 551 poeta
1579 497 1824 539 ioculariter

114 565 235 617 dicit,
268 565 366 620 ipsa
401 579 551 607 secum
582 565 694 607 bibit
723 570 798 622 τὴν
827 569 964 625 κύκλῳ
994 570 1118 612 πόσιν.
1179 567 1297 621 apud
1328 567 1616 609 Menandrum
1647 580 1823 622 quoque

114 636 274 680 ancilla
315 643 539 679 matronae
577 638 791 687 dissuasit,
830 651 887 678 ne
925 637 1129 679 Lesbiam
1169 638 1452 680 obstetricem
1488 644 1729 681 arcesseret
1766 639 1822 680 de

114 708 367 751 temulentia
410 710 502 750 eius
544 722 744 750 monens.
808 710 986 751 minime
1027 714 1171 751 autem
1212 723 1311 752 cum
1350 710 1533 751 Koertio
1569 709 1742 765 (Herm.
1781 724 1821 751 v.

115 778 189 830 44,
221 778 324 835 312)
357 779 493 821 debet
513 781 657 822 conici
679 780 796 821 illam
820 794 866 821 re
888 793 991 822 vera
1010 781 1292 822 temulentam
1315 781 1357 822 in
1379 793 1583 823 scaenam
1604 782 1822 836 prodiisse

114 850 161 893 in
180 849 408 901 Perinthia,
430 856 473 893 et
493 852 537 892 in
558 864 799 906 puerperae
822 852 959 893 domo
982 853 1129 894 omnia
1155 852 1447 906 perturbasse.
1509 853 1631 906 quod
1658 853 1822 894 nullum

115 918 341 964 habuisset
370 922 447 974 sal,
479 935 563 964 nec
596 921 687 964 fieri
720 923 894 972 licebat,
927 924 962 964 si
993 929 1129 979 poeta
1159 924 1393 965 amantium
1426 922 1608 966 filiolum
1642 923 1824 966 feliciter

114 993 157 1035 in
189 993 335 1035 lucem
367 994 662 1048 prodeuntem
692 994 872 1035 volebat
902 993 1083 1048 fingere,
1117 995 1237 1048 quod
1269 994 1412 1036 facere
1445 994 1650 1037 debebat.

782 1112 823 1154 2.
855 1112 925 1167 (=
947 1112 1035 1155 398
1068 1112 1155 1167 K.).

516 1200 565 1241 τὸ
596 1200 754 1241 παιδίον
783 1195 823 1241 δ’
858 1198 1047 1252 εἰσῆλθεν
1077 1198 1252 1257 ἑψητοὺς
1281 1202 1422 1258 φέρων.

258 1290 358 1333 Ter.
392 1289 530 1332 Andr.
564 1305 604 1333 v.
628 1290 773 1334 3689.
837 1291 986 1333 Davus
1008 1290 1235 1345 Pamphilo
1258 1292 1314 1332 de
1337 1292 1498 1346 nuptiis
1520 1291 1633 1333 male
1653 1292 1822 1334 timenti

114 1367 270 1412 narrat,
301 1375 412 1415 quae
446 1367 544 1403 ante
577 1361 821 1404 Chremetis
853 1363 1033 1404 domum
1065 1363 1379 1405 observaverit:

645 1445 772 1487 e'tiam
796 1445 978 1499 prior-um
1010 1446 1109 1489 inde
1138 1446 1283 1490 cibiens
1313 1447 1484 1490 conveni
1516 1445 1708 1490 Chromis

293 1515 435 1560 holera
465 1519 503 1558 et
526 1516 756 1570 pisciondos
784 1518 970 1560 minutos
998 1518 1112 1571 ferre
1141 1517 1259 1561 obolo
1291 1519 1336 1560 in
1366 1532 1510 1561 cenam
1539 1519 1644 1561 seni.

114 1598 285 1642 Graem
314 1601 498 1641 servavit
528 1598 783 1642 Athenaeus
815 1599 910 1656 (pg.
943 1598 1027 1643 301
1046 1600 1095 1655 b)
1124 1603 1404 1658 πληθυντικῶς
1430 1605 1480 1647 δὲ
1509 1605 1696 1662 λέγουσιν
1726 1602 1822 1663 ἕψη-

113 1674 215 1724 vob<
242 1669 314 1726 (τὰ
341 1674 474 1716 λεπτὰ
505 1671 682 1732 ἰχθύδια)
713 1676 825 1717 κατὰ
854 1675 903 1716 τὸ
932 1675 1120 1717 πλεῖστον
1136 1705 1147 1715 .
1166 1707 1175 1715 .
1196 1704 1206 1714 .
1237 1675 1470 1733 Μένανδρος
1495 1675 1707 1733 Περινθίᾳ·
1728 1677 1820 1718 κτλ.

114 1741 248 1796 pnnlo
292 1747 390 1783 ante
432 1743 568 1784 attulit
607 1741 682 1785 Ar.
727 1742 773 1786 fr.
815 1742 888 1786 52.
926 1742 1012 1786 282
1050 1743 1104 1787 K.
1142 1744 1176 1798 (1
1215 1744 1316 1787 405.
1354 1743 1472 1799 464),
1511 1745 1669 1798 quibus
1706 1745 1821 1786 adde

114 1811 256 1855 ein-d.
286 1826 409 1867 vesp.
443 1827 480 1855 v.
514 1812 614 1856 679.

259 1881 325 1925 his
356 1884 529 1925 duobus
561 1884 814 1939 fragmentis
845 1887 952 1927 certi
983 1887 1158 1940 quidam
1190 1886 1383 1928 Andriae
1414 1886 1702 1928 Terentianae
1733 1887 1822 1929 loci

114 1954 406 2008 respondent;
450 1956 623 2009 reliquis
667 1962 770 1998 octo
811 1962 884 1999 aut
925 1970 1013 1999 non
1057 1958 1187 2012 plane
1231 1958 1468 2000 concinunt
1511 1963 1582 1999 aut
1624 1958 1820 2000 nondum

111 2030 216 2068 sunt
244 2026 419 2068 inventi.

778 2122 819 2164 3.
853 2122 924 2178 (=
946 2122 1034 2166 393
1066 2123 1154 2179 Κ.).

453 2206 564 2257 ὅστις
591 2206 840 2266 παραλαβὼν
868 2209 1071 2262 δωπότην
1102 2207 1346 2268 ἀπράγμονα

453 2279 524 2320 καὶ
553 2283 701 2337 κοῦφον
730 2278 913 2337 ἐξαπατᾷ
943 2279 1143 2337 θεράπων,
1175 2281 1250 2324 οὐκ
1278 2278 1355 2324 οἵδ’
1388 2281 1410 2324 ὅ
1441 2296 1482 2323 τι

454 2347 575 2400 οὗτος
605 2351 824 2407 μιγαλεῖόν
854 2352 943 2393 ἔστι
971 2351 1334 2410 διαπεπραγμένος,

454 2420 794 2479 ἐπαβελτιρώσας
822 2422 895 2464 τὸν
923 2423 1052 2465 πάλαι
1080 2421 1121 2479 γ’
1156 2422 1392 2482 ἀβέλτερον.

256 2510 439 2553 afferunt
455 2511 630 2554 Photius
647 2513 835 2557 Berolin.
851 2514 942 2570 (pg.
953 2514 999 2569 ὃ)
1014 2528 1049 2558 s.
1068 2529 1109 2559 v.
1126 2517 1365 2577 ἀβέλτερος·
1382 2518 1404 2560 ὁ
1421 2518 1605 2572 ἀνόητος,
1623 2517 1645 2560 ὁ
1660 2519 1709 2561 τὸ
1726 2517 1819 2576 {m-

109 2598 201 2628 τιον
231 2585 288 2643 μὴ
316 2587 535 2642 γινώσκων.
596 2586 828 2646 Μένανδρος
857 2588 1070 2647 Πιρινῦίος·
1102 2591 1194 2633 κτλ.
1257 2593 1301 2628 et
1332 2586 1488 2629 Suidas
1519 2599 1552 2628 S.
1582 2600 1622 2628 v.
1646 2587 1817 2631 eadem.

0 2645 11 2708 Ξ
112 2676 172 2684 -
202 2653 244 2696 4.
275 2657 405 2700 πάλαι
434 2653 572 2705 Phot.‚
603 2674 705 2702 ποτε
735 2655 876 2705 Suid.;
908 2658 949 2717 γ’
983 2658 1160 2699 inseruit
1190 2658 1496 2699 Reitzenstein.
1556 2657 1692 2699 verba
1721 2665 1820 2700 sunt

114 2724 239 2775 Davi,
283 2726 492 2780 principis
537 2726 778 2770 Perinthiae
821 2730 947 2781 servi,
993 2734 1038 2770 ut
1078 2734 1261 2784 apparet
1298 2743 1323 2771 e
1360 2730 1550 2783 proximi
1587 2729 1819 2784 fragmenti

12 2829 17 2833 r>
107 2794 177 2852 (4)
205 2809 271 2838 vv.
305 2795 373 2839 13.
410 2798 478 2840 14.

538 2905 579 2947 4.
612 2903 683 2961 (=
706 2904 926 2960 Oxyrrh.
960 2906 1073 2961 Pap.
1107 2906 1166 2948 VI
1198 2921 1242 2962 p.
1277 2905 1393 2963 150).

254 2984 466 3055 (cil-Leo,
499 2986 650 3029 Herm.
683 3002 722 3029 v.
754 2988 827 3039 44,
861 2988 966 3038 1433
1000 2988 1178 3039 Koerte,
1212 2989 1534 3045 Menandrea2.)
