<?xml version="1.0" encoding="UTF-8"?>
<!DOCTYPE html PUBLIC "-//W3C//DTD XHTML 1.0 Transitional//EN"
    "http://www.w3.org/TR/xhtml1/DTD/xhtml1-transitional.dtd">
<html xmlns="http://www.w3.org/1999/xhtml" xml:lang="en" lang="en">
 <head>
  <title>
</title>
<meta http-equiv="Content-Type" content="text/html;charset=utf-8" />
  <meta name='ocr-system' content='tesseract 3.04.00' />
  <meta name='ocr-capabilities' content='ocr_page ocr_carea ocr_par ocr_line ocrx_word'/>
</head>
<body>
  <div class='ocr_page' id='page_1' title='image "./quaestionescomic00saekuoft_0054.png"; bbox 0 0 2112 3496; ppageno 0'>
   <div class='ocr_carea' id='block_1_1' title="bbox 1024 334 1314 375">
    <p class='ocr_par' dir='ltr' id='par_1_1' title="bbox 1024 334 1314 375">
     <span class='ocr_line' id='line_1_1' title="bbox 1024 334 1314 375; baseline -0.003 -12"><span class='ocrx_word' id='word_1_1' title='bbox 1024 334 1314 375; x_wconf 74' lang='lat'>-43-</span> 
     </span>
    </p>
   </div>
   <div class='ocr_carea' id='block_1_2' title="bbox 980 451 1352 508">
    <p class='ocr_par' dir='ltr' id='par_1_2' title="bbox 980 451 1352 508">
     <span class='ocr_line' id='line_1_2' title="bbox 980 451 1352 508; baseline -0.005 -13"><span class='ocrx_word' id='word_1_2' title='bbox 980 452 1020 495; x_wconf 82' lang='lat'>5.</span> <span class='ocrx_word' id='word_1_3' title='bbox 1054 452 1123 507; x_wconf 86' lang='lat'>(=</span> <span class='ocrx_word' id='word_1_4' title='bbox 1146 451 1234 494; x_wconf 78' lang='lat'>295</span> <span class='ocrx_word' id='word_1_5' title='bbox 1266 451 1352 508; x_wconf 59' lang='grc' dir='ltr'>Κ.)</span> 
     </span>
    </p>
   </div>
   <div class='ocr_carea' id='block_1_3' title="bbox 604 532 1710 669">
    <p class='ocr_par' dir='ltr' id='par_1_3' title="bbox 604 532 1710 669">
     <span class='ocr_line' id='line_1_3' title="bbox 605 532 1710 596; baseline -0.001 -15"><span class='ocrx_word' id='word_1_6' title='bbox 605 540 806 596; x_wconf 79' lang='grc' dir='ltr'>Χρυσίδα,</span> <span class='ocrx_word' id='word_1_7' title='bbox 840 539 1047 596; x_wconf 87' lang='grc' dir='ltr'>Κορώνην,</span> <span class='ocrx_word' id='word_1_8' title='bbox 1081 532 1339 596; x_wconf 86' lang='grc' dir='ltr'>Ἀντίκυραν,</span> <span class='ocrx_word' id='word_1_9' title='bbox 1377 534 1502 592; x_wconf 81' lang='grc' dir='ltr'>&lt;εἴτ’&gt;</span> <span class='ocrx_word' id='word_1_10' title='bbox 1537 533 1710 596; x_wconf 78' lang='grc' dir='ltr'>Ἰσχάδα</span> 
     </span>
     <span class='ocr_line' id='line_1_4' title="bbox 604 609 1512 669; baseline 0.001 -18"><span class='ocrx_word' id='word_1_11' title='bbox 604 610 672 652; x_wconf 85' lang='grc' dir='ltr'>καὶ</span> <span class='ocrx_word' id='word_1_12' title='bbox 702 610 923 667; x_wconf 83' lang='grc' dir='ltr'>Ναννάριον</span> <span class='ocrx_word' id='word_1_13' title='bbox 955 609 1130 668; x_wconf 84' lang='grc' dir='ltr'>ἔσχηκας</span> <span class='ocrx_word' id='word_1_14' title='bbox 1161 611 1309 667; x_wconf 83' lang='grc' dir='ltr'>ὡραίαν</span> <span class='ocrx_word' id='word_1_15' title='bbox 1341 611 1512 669; x_wconf 81' lang='grc' dir='ltr'>σφόδρα.</span> 
     </span>
    </p>
   </div>
   <div class='ocr_carea' id='block_1_4' title="bbox 312 679 2025 834">
    <p class='ocr_par' dir='ltr' id='par_1_4' title="bbox 312 679 2025 834">
     <span class='ocr_line' id='line_1_5' title="bbox 454 679 2025 763; baseline 0.004 -21"><span class='ocrx_word' id='word_1_16' title='bbox 454 701 707 743; x_wconf 85' lang='lat' dir='ltr'>Athenaeus</span> <span class='ocrx_word' id='word_1_17' title='bbox 746 715 822 755; x_wconf 86' lang='lat' dir='ltr'>pg.</span> <span class='ocrx_word' id='word_1_18' title='bbox 860 701 1001 744; x_wconf 79' lang='lat' dir='ltr'><strong>587e:</strong></span> <span class='ocrx_word' id='word_1_19' title='bbox 1040 705 1272 763; x_wconf 76' lang='grc' dir='ltr'>Μένανδρος</span> <span class='ocrx_word' id='word_1_20' title='bbox 1300 703 1340 748; x_wconf 82' lang='grc' dir='ltr'>δ’</span> <span class='ocrx_word' id='word_1_21' title='bbox 1375 706 1415 747; x_wconf 86' lang='grc' dir='ltr'>ἐν</span> <span class='ocrx_word' id='word_1_22' title='bbox 1446 705 1610 748; x_wconf 85' lang='grc' dir='ltr'>Κόλακι</span> <span class='ocrx_word' id='word_1_23' title='bbox 1639 705 1771 748; x_wconf 77' lang='grc' dir='ltr'>τάσδε</span> <span class='ocrx_word' id='word_1_24' title='bbox 1799 679 2025 763; x_wconf 53' lang='grc' dir='ltr'>καταλέγει</span> 
     </span>
     <span class='ocr_line' id='line_1_6' title="bbox 312 773 2024 834; baseline -0.001 -17"><span class='ocrx_word' id='word_1_25' title='bbox 312 775 494 834; x_wconf 82' lang='grc' dir='ltr'>ἑταίρας·</span> <span class='ocrx_word' id='word_1_26' title='bbox 517 777 609 818; x_wconf 86' lang='grc' dir='ltr'>κτλ.</span> <span class='ocrx_word' id='word_1_27' title='bbox 673 787 846 814; x_wconf 89' lang='lat' dir='ltr'><strong>versum</strong></span> <span class='ocrx_word' id='word_1_28' title='bbox 868 775 1060 827; x_wconf 88' lang='lat' dir='ltr'>priorem</span> <span class='ocrx_word' id='word_1_29' title='bbox 1083 774 1213 815; x_wconf 92' lang='lat' dir='ltr'>Kock</span> <span class='ocrx_word' id='word_1_30' title='bbox 1235 787 1363 827; x_wconf 90' lang='lat' dir='ltr'><strong>quam</strong></span> <span class='ocrx_word' id='word_1_31' title='bbox 1387 775 1490 815; x_wconf 90' lang='lat' dir='ltr'><strong>licet</strong></span> <span class='ocrx_word' id='word_1_32' title='bbox 1510 773 1820 816; x_wconf 88' lang='lat' dir='ltr'><strong>verisimillime</strong></span> <span class='ocrx_word' id='word_1_33' title='bbox 1841 774 2024 816; x_wconf 80' lang='lat' dir='ltr'><strong>restituit</strong></span> 
     </span>
    </p>
   </div>
   <div class='ocr_carea' id='block_1_5' title="bbox 312 841 2024 1400">
    <p class='ocr_par' dir='ltr' id='par_1_5' title="bbox 312 841 2024 1114">
     <span class='ocr_line' id='line_1_7' title="bbox 313 841 2022 907; baseline 0.001 -22"><span class='ocrx_word' id='word_1_34' title='bbox 313 846 567 898; x_wconf 86' lang='lat' dir='ltr'><strong>interposito</strong></span> <span class='ocrx_word' id='word_1_35' title='bbox 601 845 686 895; x_wconf 77' lang='grc' dir='ltr'>εἴτ’,</span> <span class='ocrx_word' id='word_1_36' title='bbox 709 846 829 898; x_wconf 88' lang='lat' dir='ltr'>quod</span> <span class='ocrx_word' id='word_1_37' title='bbox 852 845 911 886; x_wconf 92' lang='lat' dir='ltr'>ob</span> <span class='ocrx_word' id='word_1_38' title='bbox 934 846 1173 889; x_wconf 71' lang='lat' dir='ltr'>itacismum</span> <span class='ocrx_word' id='word_1_39' title='bbox 1194 859 1326 899; x_wconf 86' lang='lat' dir='ltr'><strong>quem</strong></span> <span class='ocrx_word' id='word_1_40' title='bbox 1347 858 1556 886; x_wconf 83' lang='lat' dir='ltr'><strong>vocamus</strong></span> <span class='ocrx_word' id='word_1_41' title='bbox 1579 850 1678 886; x_wconf 87' lang='lat' dir='ltr'><strong>ante</strong></span> <span class='ocrx_word' id='word_1_42' title='bbox 1699 841 1872 907; x_wconf 70' lang='grc' dir='ltr'>Ἰσχάδα</span> <span class='ocrx_word' id='word_1_43' title='bbox 1893 845 2022 887; x_wconf 82' lang='lat' dir='ltr'><strong>facile</strong></span> 
     </span>
     <span class='ocr_line' id='line_1_8' title="bbox 312 915 2024 970; baseline 0.001 -14"><span class='ocrx_word' id='word_1_44' title='bbox 312 922 481 970; x_wconf 86' lang='lat' dir='ltr'><strong>poterat</strong></span> <span class='ocrx_word' id='word_1_45' title='bbox 519 917 791 958; x_wconf 85' lang='lat' dir='ltr'><strong>intercidere.</strong></span> <span class='ocrx_word' id='word_1_46' title='bbox 824 941 884 946; x_wconf 94' lang='lat'>—</span> <span class='ocrx_word' id='word_1_47' title='bbox 914 916 1049 958; x_wconf 85' lang='lat' dir='ltr'><strong>verba</strong></span> <span class='ocrx_word' id='word_1_48' title='bbox 1085 922 1184 958; x_wconf 84' lang='lat' dir='ltr'><strong>sunt</strong></span> <span class='ocrx_word' id='word_1_49' title='bbox 1221 915 1436 959; x_wconf 86' lang='lat' dir='ltr'><strong>Struthiae</strong></span> <span class='ocrx_word' id='word_1_50' title='bbox 1468 917 1591 957; x_wconf 88' lang='lat' dir='ltr'><strong>militi</strong></span> <span class='ocrx_word' id='word_1_51' title='bbox 1623 916 1900 966; x_wconf 81' lang='lat' dir='ltr'><strong>blandientis,</strong></span> <span class='ocrx_word' id='word_1_52' title='bbox 1933 929 2024 958; x_wconf 89' lang='lat' dir='ltr'>non</span> 
     </span>
     <span class='ocr_line' id='line_1_9' title="bbox 312 986 2024 1042; baseline 0 -14"><span class='ocrx_word' id='word_1_53' title='bbox 312 989 548 1029; x_wconf 90' lang='lat' dir='ltr'><strong>meretricis</strong></span> <span class='ocrx_word' id='word_1_54' title='bbox 581 989 805 1029; x_wconf 87' lang='lat' dir='ltr'><strong>cuiusdam</strong></span> <span class='ocrx_word' id='word_1_55' title='bbox 837 989 1114 1041; x_wconf 89' lang='lat' dir='ltr'><strong>increpantis,</strong></span> <span class='ocrx_word' id='word_1_56' title='bbox 1148 993 1194 1029; x_wconf 88' lang='lat' dir='ltr'>ut</span> <span class='ocrx_word' id='word_1_57' title='bbox 1224 994 1345 1042; x_wconf 85' lang='lat' dir='ltr'><strong>putat</strong></span> <span class='ocrx_word' id='word_1_58' title='bbox 1375 988 1518 1029; x_wconf 92' lang='lat' dir='ltr'><strong>Kock.</strong></span> <span class='ocrx_word' id='word_1_59' title='bbox 1582 987 1635 1031; x_wconf 89' lang='lat' dir='ltr'>cf.</span> <span class='ocrx_word' id='word_1_60' title='bbox 1667 987 1799 1030; x_wconf 85' lang='lat' dir='ltr'><strong>Plaut.</strong></span> <span class='ocrx_word' id='word_1_61' title='bbox 1830 986 1924 1031; x_wconf 89' lang='lat' dir='ltr'><strong>Mil.</strong></span> <span class='ocrx_word' id='word_1_62' title='bbox 1961 987 2024 1042; x_wconf 87' lang='lat' dir='ltr'>gl.</span> 
     </span>
     <span class='ocr_line' id='line_1_10' title="bbox 312 1047 1473 1114; baseline 0.001 -14"><span class='ocrx_word' id='word_1_63' title='bbox 312 1060 368 1101; x_wconf 83' lang='lat'>58</span> <span class='ocrx_word' id='word_1_64' title='bbox 386 1073 495 1114; x_wconf 82' lang='lat' dir='ltr'><strong>sqq.‚</strong></span> <span class='ocrx_word' id='word_1_65' title='bbox 529 1059 601 1100; x_wconf 89' lang='lat' dir='ltr'><strong>ubi</strong></span> <span class='ocrx_word' id='word_1_66' title='bbox 635 1059 898 1113; x_wconf 83' lang='lat' dir='ltr'><strong>Artotrogus</strong></span> <span class='ocrx_word' id='word_1_67' title='bbox 930 1047 1141 1114; x_wconf 70' lang='lat' dir='ltr'><strong>parasitus</strong></span> <span class='ocrx_word' id='word_1_68' title='bbox 1173 1058 1284 1101; x_wconf 88' lang='lat' dir='ltr'><strong>haec</strong></span> <span class='ocrx_word' id='word_1_69' title='bbox 1316 1059 1473 1103; x_wconf 85' lang='lat' dir='ltr'><strong>fundit:</strong></span> 
     </span>
    </p>

    <p class='ocr_par' dir='ltr' id='par_1_6' title="bbox 687 1130 1623 1186">
     <span class='ocr_line' id='line_1_11' title="bbox 687 1130 1623 1186; baseline -0.001 -12"><span class='ocrx_word' id='word_1_70' title='bbox 687 1131 834 1174; x_wconf 77' lang='lat' dir='ltr'>amdnt</span> <span class='ocrx_word' id='word_1_71' title='bbox 865 1135 902 1174; x_wconf 82' lang='lat' dir='ltr'>te</span> <span class='ocrx_word' id='word_1_72' title='bbox 933 1130 1073 1174; x_wconf 69' lang='lat' dir='ltr'><strong>dmnes</strong></span> <span class='ocrx_word' id='word_1_73' title='bbox 1102 1131 1309 1185; x_wconf 81' lang='lat' dir='ltr'><strong>mulieres,</strong></span> <span class='ocrx_word' id='word_1_74' title='bbox 1343 1145 1415 1174; x_wconf 80' lang='lat' dir='ltr'>nec</span> <span class='ocrx_word' id='word_1_75' title='bbox 1443 1131 1623 1186; x_wconf 80' lang='lat' dir='ltr'><strong>iniuria,</strong></span> 
     </span>
    </p>

    <p class='ocr_par' dir='ltr' id='par_1_7' title="bbox 313 1202 1650 1319">
     <span class='ocr_line' id='line_1_12' title="bbox 692 1202 1158 1256; baseline 0.002 -11"><span class='ocrx_word' id='word_1_76' title='bbox 692 1204 766 1256; x_wconf 80' lang='lat' dir='ltr'>qui</span> <span class='ocrx_word' id='word_1_77' title='bbox 794 1204 856 1245; x_wconf 83' lang='lat' dir='ltr'>sis</span> <span class='ocrx_word' id='word_1_78' title='bbox 886 1206 974 1245; x_wconf 80' lang='lat' dir='ltr'>tam</span> <span class='ocrx_word' id='word_1_79' title='bbox 1001 1202 1158 1256; x_wconf 79' lang='lat' dir='ltr'>pulcer.</span> 
     </span>
     <span class='ocr_line' id='line_1_13' title="bbox 313 1274 1650 1319; baseline 0.001 -4"><span class='ocrx_word' id='word_1_80' title='bbox 313 1275 365 1316; x_wconf 86' lang='lat' dir='ltr'>cf.</span> <span class='ocrx_word' id='word_1_81' title='bbox 398 1290 435 1315; x_wconf 89' lang='lat' dir='ltr'>v.</span> <span class='ocrx_word' id='word_1_82' title='bbox 471 1274 526 1316; x_wconf 87' lang='lat'>91</span> <span class='ocrx_word' id='word_1_83' title='bbox 688 1276 750 1318; x_wconf 81' lang='lat' dir='ltr'>ait</span> <span class='ocrx_word' id='word_1_84' title='bbox 780 1275 868 1317; x_wconf 59' lang='lat' dir='ltr'>sese</span> <span class='ocrx_word' id='word_1_85' title='bbox 897 1275 1007 1317; x_wconf 78' lang='lat' dir='ltr'><strong>ultro</strong></span> <span class='ocrx_word' id='word_1_86' title='bbox 1040 1275 1178 1317; x_wconf 78' lang='lat' dir='ltr'><strong>omnis</strong></span> <span class='ocrx_word' id='word_1_87' title='bbox 1208 1274 1402 1317; x_wconf 75' lang='lat' dir='ltr'><strong>mulieres</strong></span> <span class='ocrx_word' id='word_1_88' title='bbox 1432 1275 1650 1319; x_wconf 79' lang='lat' dir='ltr'><strong>sectarier:</strong></span> 
     </span>
    </p>

    <p class='ocr_par' dir='ltr' id='par_1_8' title="bbox 697 1345 1648 1400">
     <span class='ocr_line' id='line_1_14' title="bbox 697 1345 1648 1400; baseline -0.001 -11"><span class='ocrx_word' id='word_1_89' title='bbox 697 1347 733 1389; x_wconf 79' lang='lat' dir='ltr'><strong>is</strong></span> <span class='ocrx_word' id='word_1_90' title='bbox 763 1345 1033 1389; x_wconf 79' lang='lat' dir='ltr'><strong>deridiculost</strong></span> <span class='ocrx_word' id='word_1_91' title='bbox 1063 1358 1228 1400; x_wconf 80' lang='lat' dir='ltr'>quaque</span> <span class='ocrx_word' id='word_1_92' title='bbox 1257 1346 1412 1389; x_wconf 74' lang='lat' dir='ltr'><strong>incedit</strong></span> <span class='ocrx_word' id='word_1_93' title='bbox 1442 1346 1648 1389; x_wconf 78' lang='lat' dir='ltr'><strong>omnibus.</strong></span> 
     </span>
    </p>
   </div>
   <div class='ocr_carea' id='block_1_6' title="bbox 986 1476 1355 1531">
    <p class='ocr_par' dir='ltr' id='par_1_9' title="bbox 986 1476 1355 1531">
     <span class='ocr_line' id='line_1_15' title="bbox 986 1476 1355 1531; baseline -0.003 -12"><span class='ocrx_word' id='word_1_94' title='bbox 986 1477 1026 1519; x_wconf 85' lang='lat'>6.</span> <span class='ocrx_word' id='word_1_95' title='bbox 1062 1478 1126 1531; x_wconf 64' lang='grc' dir='ltr'>(Ξ</span> <span class='ocrx_word' id='word_1_96' title='bbox 1151 1476 1238 1520; x_wconf 84' lang='lat'>298</span> <span class='ocrx_word' id='word_1_97' title='bbox 1260 1477 1355 1530; x_wconf 65' lang='lat' dir='ltr'>K).</span> 
     </span>
    </p>
   </div>
   <div class='ocr_carea' id='block_1_7' title="bbox 766 1561 1580 1693">
    <p class='ocr_par' dir='ltr' id='par_1_10' title="bbox 766 1561 1580 1693">
     <span class='ocr_line' id='line_1_16' title="bbox 766 1561 1580 1622; baseline -0.001 -16"><span class='ocrx_word' id='word_1_98' title='bbox 766 1565 982 1622; x_wconf 85' lang='grc' dir='ltr'>πρόσεισιν,</span> <span class='ocrx_word' id='word_1_99' title='bbox 1017 1561 1099 1606; x_wconf 79' lang='grc' dir='ltr'>οἷον</span> <span class='ocrx_word' id='word_1_100' title='bbox 1132 1563 1310 1622; x_wconf 85' lang='grc' dir='ltr'>ἀψοφητὶ</span> <span class='ocrx_word' id='word_1_101' title='bbox 1340 1562 1580 1621; x_wconf 69' lang='grc' dir='ltr'>θρέμματος</span> 
     </span>
     <span class='ocr_line' id='line_1_17' title="bbox 819 1630 1523 1693; baseline -0.006 -16"><span class='ocrx_word' id='word_1_102' title='bbox 819 1633 1039 1693; x_wconf 84' lang='grc' dir='ltr'>(ἐπιψαύων</span> <span class='ocrx_word' id='word_1_103' title='bbox 1069 1636 1140 1677; x_wconf 87' lang='grc' dir='ltr'>καὶ</span> <span class='ocrx_word' id='word_1_104' title='bbox 1170 1630 1523 1693; x_wconf 81' lang='grc' dir='ltr'>ἀποπειρώμενος.)</span> 
     </span>
    </p>
   </div>
   <div class='ocr_carea' id='block_1_8' title="bbox 313 1725 2033 2145">
    <p class='ocr_par' dir='ltr' id='par_1_11' title="bbox 313 1725 2033 2145">
     <span class='ocr_line' id='line_1_18' title="bbox 457 1725 2030 1783; baseline 0.003 -15"><span class='ocrx_word' id='word_1_105' title='bbox 457 1726 670 1770; x_wconf 88' lang='lat' dir='ltr'><strong>Plutarch.</strong></span> <span class='ocrx_word' id='word_1_106' title='bbox 695 1729 736 1768; x_wconf 94' lang='lat' dir='ltr'>d.</span> <span class='ocrx_word' id='word_1_107' title='bbox 771 1729 884 1770; x_wconf 88' lang='lat' dir='ltr'><strong>adul.</strong></span> <span class='ocrx_word' id='word_1_108' title='bbox 915 1733 959 1769; x_wconf 93' lang='lat' dir='ltr'>et</span> <span class='ocrx_word' id='word_1_109' title='bbox 991 1742 1072 1770; x_wconf 89' lang='lat' dir='ltr'>am.</span> <span class='ocrx_word' id='word_1_110' title='bbox 1094 1741 1170 1783; x_wconf 88' lang='lat' dir='ltr'>pg.</span> <span class='ocrx_word' id='word_1_111' title='bbox 1194 1728 1283 1771; x_wconf 81' lang='lat' dir='ltr'>57a</span> <span class='ocrx_word' id='word_1_112' title='bbox 1314 1732 1418 1782; x_wconf 88' lang='lat' dir='ltr'><strong>post</strong></span> <span class='ocrx_word' id='word_1_113' title='bbox 1448 1726 1560 1781; x_wconf 85' lang='lat' dir='ltr'><strong>frgg.</strong></span> <span class='ocrx_word' id='word_1_114' title='bbox 1585 1727 1625 1769; x_wconf 88' lang='lat'>4.</span> <span class='ocrx_word' id='word_1_115' title='bbox 1651 1732 1694 1768; x_wconf 88' lang='lat' dir='ltr'>et</span> <span class='ocrx_word' id='word_1_116' title='bbox 1718 1727 1756 1769; x_wconf 92' lang='grc'>1.</span> <span class='ocrx_word' id='word_1_117' title='bbox 1778 1725 1908 1769; x_wconf 85' lang='lat' dir='ltr'><strong>haec:</strong></span> <span class='ocrx_word' id='word_1_118' title='bbox 1930 1731 2030 1781; x_wconf 84' lang='grc' dir='ltr'>τοὺς</span> 
     </span>
     <span class='ocr_line' id='line_1_19' title="bbox 313 1800 2026 1860; baseline 0 -16"><span class='ocrx_word' id='word_1_119' title='bbox 313 1803 360 1844; x_wconf 77' lang='grc' dir='ltr'>δὲ</span> <span class='ocrx_word' id='word_1_120' title='bbox 391 1802 674 1860; x_wconf 81' lang='grc' dir='ltr'>κομψοτέρους</span> <span class='ocrx_word' id='word_1_121' title='bbox 707 1803 807 1859; x_wconf 83' lang='grc' dir='ltr'>ὁρῶν</span> <span class='ocrx_word' id='word_1_122' title='bbox 838 1802 1026 1845; x_wconf 70' lang='grc' dir='ltr'>ἐκταῦῦα</span> <span class='ocrx_word' id='word_1_123' title='bbox 1058 1804 1240 1860; x_wconf 84' lang='grc' dir='ltr'>μάλιστα</span> <span class='ocrx_word' id='word_1_124' title='bbox 1269 1803 1543 1860; x_wconf 77' lang='grc' dir='ltr'>προσέχοντας</span> <span class='ocrx_word' id='word_1_125' title='bbox 1573 1801 1685 1858; x_wconf 79' lang='grc' dir='ltr'>αὐτῷ</span> <span class='ocrx_word' id='word_1_126' title='bbox 1714 1800 1786 1844; x_wconf 69' lang='grc' dir='ltr'>καὶ</span> <span class='ocrx_word' id='word_1_127' title='bbox 1816 1801 2026 1860; x_wconf 73' lang='grc' dir='ltr'>φυλαττο·</span> 
     </span>
     <span class='ocr_line' id='line_1_20' title="bbox 316 1870 2032 1931; baseline -0.001 -15"><span class='ocrx_word' id='word_1_128' title='bbox 316 1875 458 1931; x_wconf 85' lang='grc' dir='ltr'>μένους</span> <span class='ocrx_word' id='word_1_129' title='bbox 488 1875 537 1915; x_wconf 87' lang='grc' dir='ltr'>τὸ</span> <span class='ocrx_word' id='word_1_130' title='bbox 568 1874 712 1931; x_wconf 87' lang='grc' dir='ltr'>χωρίον</span> <span class='ocrx_word' id='word_1_131' title='bbox 743 1878 867 1916; x_wconf 81' lang='grc' dir='ltr'>τοῦτο</span> <span class='ocrx_word' id='word_1_132' title='bbox 899 1875 968 1916; x_wconf 82' lang='grc' dir='ltr'>καὶ</span> <span class='ocrx_word' id='word_1_133' title='bbox 998 1875 1070 1916; x_wconf 86' lang='grc' dir='ltr'>τὸν</span> <span class='ocrx_word' id='word_1_134' title='bbox 1101 1875 1226 1917; x_wconf 85' lang='grc' dir='ltr'>τόπον</span> <span class='ocrx_word' id='word_1_135' title='bbox 1257 1871 1295 1926; x_wconf 84' lang='grc' dir='ltr'>(ὁ</span> <span class='ocrx_word' id='word_1_136' title='bbox 1325 1870 1470 1924; x_wconf 85' lang='grc' dir='ltr'>κόλαξ)</span> <span class='ocrx_word' id='word_1_137' title='bbox 1503 1873 1578 1915; x_wconf 87' lang='grc' dir='ltr'>οὐκ</span> <span class='ocrx_word' id='word_1_138' title='bbox 1609 1871 1675 1915; x_wconf 86' lang='grc' dir='ltr'>ἀπ’</span> <span class='ocrx_word' id='word_1_139' title='bbox 1709 1871 1869 1923; x_wconf 66' lang='grc' dir='ltr'>εὐθείας</span> <span class='ocrx_word' id='word_1_140' title='bbox 1887 1872 2032 1930; x_wconf 67' lang='grc' dir='ltr'>ἐπάγει</span> 
     </span>
     <span class='ocr_line' id='line_1_21' title="bbox 315 1942 2030 2004; baseline 0 -18"><span class='ocrx_word' id='word_1_141' title='bbox 315 1946 385 1987; x_wconf 86' lang='grc' dir='ltr'>τὸν</span> <span class='ocrx_word' id='word_1_142' title='bbox 416 1943 587 1997; x_wconf 84' lang='grc' dir='ltr'>ἔπαινον,</span> <span class='ocrx_word' id='word_1_143' title='bbox 622 1943 715 1988; x_wconf 85' lang='grc' dir='ltr'>ἀλλ’</span> <span class='ocrx_word' id='word_1_144' title='bbox 751 1945 976 2003; x_wconf 87' lang='grc' dir='ltr'>ἀπαγαγὼν</span> <span class='ocrx_word' id='word_1_145' title='bbox 1005 1947 1136 2004; x_wconf 89' lang='grc' dir='ltr'>πόρρω</span> <span class='ocrx_word' id='word_1_146' title='bbox 1166 1947 1386 1988; x_wconf 83' lang='grc' dir='ltr'>κυκλοῦται</span> <span class='ocrx_word' id='word_1_147' title='bbox 1404 1945 1473 1986; x_wconf 86' lang='grc' dir='ltr'>καὶ</span> <span class='ocrx_word' id='word_1_148' title='bbox 1493 1945 1690 2002; x_wconf 80' lang='grc' dir='ltr'>πρόσεισιν</span> <span class='ocrx_word' id='word_1_149' title='bbox 1709 1965 1770 1971; x_wconf 86' lang='grc'>-</span> <span class='ocrx_word' id='word_1_150' title='bbox 1790 1942 2030 2001; x_wconf 66' lang='grc' dir='ltr'>θρέμματος</span> 
     </span>
     <span class='ocr_line' id='line_1_22' title="bbox 317 2011 2026 2074; baseline -0.002 -17"><span class='ocrx_word' id='word_1_151' title='bbox 317 2015 514 2074; x_wconf 83' lang='grc' dir='ltr'>ἐπιψαύων</span> <span class='ocrx_word' id='word_1_152' title='bbox 534 2017 605 2058; x_wconf 85' lang='grc' dir='ltr'>καὶ</span> <span class='ocrx_word' id='word_1_153' title='bbox 625 2016 955 2074; x_wconf 84' lang='grc' dir='ltr'>ἀποπειρώμενος.</span> <span class='ocrx_word' id='word_1_154' title='bbox 991 2014 1080 2056; x_wconf 90' lang='lat' dir='ltr'>hoc</span> <span class='ocrx_word' id='word_1_155' title='bbox 1102 2026 1277 2068; x_wconf 88' lang='lat' dir='ltr'><strong>quoque</strong></span> <span class='ocrx_word' id='word_1_156' title='bbox 1299 2013 1452 2067; x_wconf 82' lang='lat' dir='ltr'><strong>fragm.</strong></span> <span class='ocrx_word' id='word_1_157' title='bbox 1475 2018 1579 2066; x_wconf 86' lang='lat' dir='ltr'><strong>post</strong></span> <span class='ocrx_word' id='word_1_158' title='bbox 1595 2013 1684 2054; x_wconf 89' lang='lat' dir='ltr'>duo</span> <span class='ocrx_word' id='word_1_159' title='bbox 1701 2012 1837 2056; x_wconf 84' lang='lat' dir='ltr'><strong>altera</strong></span> <span class='ocrx_word' id='word_1_160' title='bbox 1851 2011 2026 2054; x_wconf 83' lang='lat' dir='ltr'><strong>allatum</strong></span> 
     </span>
     <span class='ocr_line' id='line_1_23' title="bbox 318 2084 2033 2145; baseline 0.002 -20"><span class='ocrx_word' id='word_1_161' title='bbox 318 2086 512 2126; x_wconf 88' lang='lat' dir='ltr'><strong>eiusdem</strong></span> <span class='ocrx_word' id='word_1_162' title='bbox 553 2098 650 2126; x_wconf 91' lang='lat' dir='ltr'><strong>esse</strong></span> <span class='ocrx_word' id='word_1_163' title='bbox 689 2085 862 2126; x_wconf 85' lang='lat' dir='ltr'><strong>fabulae</strong></span> <span class='ocrx_word' id='word_1_164' title='bbox 895 2086 1208 2140; x_wconf 87' lang='lat' dir='ltr'><strong>comprobatur</strong></span> <span class='ocrx_word' id='word_1_165' title='bbox 1239 2099 1297 2126; x_wconf 86' lang='lat' dir='ltr'>ex</span> <span class='ocrx_word' id='word_1_166' title='bbox 1328 2084 1570 2138; x_wconf 89' lang='lat' dir='ltr'><strong>Hesychio‚</strong></span> <span class='ocrx_word' id='word_1_167' title='bbox 1605 2085 1676 2138; x_wconf 86' lang='lat' dir='ltr'><strong>qui</strong></span> <span class='ocrx_word' id='word_1_168' title='bbox 1708 2096 1742 2139; x_wconf 73' lang='lat' dir='ltr'>s.</span> <span class='ocrx_word' id='word_1_169' title='bbox 1773 2096 1815 2127; x_wconf 75' lang='lat' dir='ltr'>v,</span> <span class='ocrx_word' id='word_1_170' title='bbox 1848 2084 2033 2145; x_wconf 74' lang='grc' dir='ltr'>ἀψοφητί</span> 
     </span>
    </p>
   </div>
   <div class='ocr_carea' id='block_1_9' title="bbox 317 2154 2028 2283">
    <p class='ocr_par' dir='ltr' id='par_1_12' title="bbox 317 2154 2028 2283">
     <span class='ocr_line' id='line_1_24' title="bbox 317 2154 2028 2219; baseline -0.001 -23"><span class='ocrx_word' id='word_1_171' title='bbox 317 2164 458 2197; x_wconf 85' lang='lat' dir='ltr'><strong>servat</strong></span> <span class='ocrx_word' id='word_1_172' title='bbox 495 2155 622 2198; x_wconf 83' lang='lat' dir='ltr'><strong>haec:</strong></span> <span class='ocrx_word' id='word_1_173' title='bbox 663 2159 809 2219; x_wconf 77' lang='grc' dir='ltr'>ἠρέμα,</span> <span class='ocrx_word' id='word_1_174' title='bbox 846 2160 1088 2218; x_wconf 81' lang='grc' dir='ltr'>ἡσύχως...</span> <span class='ocrx_word' id='word_1_175' title='bbox 1126 2160 1334 2217; x_wconf 74' lang='grc' dir='ltr'>κολακεία,</span> <span class='ocrx_word' id='word_1_176' title='bbox 1370 2157 1491 2209; x_wconf 89' lang='lat' dir='ltr'>quod</span> <span class='ocrx_word' id='word_1_177' title='bbox 1524 2155 1730 2197; x_wconf 87' lang='lat' dir='ltr'><strong>Meineke</strong></span> <span class='ocrx_word' id='word_1_178' title='bbox 1762 2154 1954 2196; x_wconf 82' lang='lat' dir='ltr'><strong>correxit</strong></span> <span class='ocrx_word' id='word_1_179' title='bbox 1983 2154 2028 2195; x_wconf 91' lang='lat' dir='ltr'><strong>in</strong></span> 
     </span>
     <span class='ocr_line' id='line_1_25' title="bbox 317 2227 953 2283; baseline 0.003 -11"><span class='ocrx_word' id='word_1_180' title='bbox 317 2230 479 2272; x_wconf 84' lang='grc' dir='ltr'>Κόλακι</span> <span class='ocrx_word' id='word_1_181' title='bbox 510 2232 538 2273; x_wconf 87' lang='grc' dir='ltr'><strong>ά</strong></span> <span class='ocrx_word' id='word_1_182' title='bbox 572 2228 646 2282; x_wconf 87' lang='lat' dir='ltr'><strong>(Cf.</strong></span> <span class='ocrx_word' id='word_1_183' title='bbox 681 2243 756 2283; x_wconf 88' lang='lat' dir='ltr'>pg.</span> <span class='ocrx_word' id='word_1_184' title='bbox 793 2227 850 2271; x_wconf 86' lang='lat'>30</span> <span class='ocrx_word' id='word_1_185' title='bbox 869 2231 953 2283; x_wconf 88' lang='lat' dir='ltr'><strong>sq.)</strong></span> 
     </span>
    </p>
   </div>
   <div class='ocr_carea' id='block_1_10' title="bbox 318 2291 2032 2426">
    <p class='ocr_par' dir='ltr' id='par_1_13' title="bbox 318 2291 2032 2426">
     <span class='ocr_line' id='line_1_26' title="bbox 459 2291 2032 2360; baseline 0.002 -21"><span class='ocrx_word' id='word_1_186' title='bbox 459 2314 496 2340; x_wconf 89' lang='lat' dir='ltr'>v.</span> <span class='ocrx_word' id='word_1_187' title='bbox 532 2299 571 2342; x_wconf 83' lang='lat'>2.</span> <span class='ocrx_word' id='word_1_188' title='bbox 620 2301 820 2341; x_wconf 88' lang='lat' dir='ltr'><strong>videntur</strong></span> <span class='ocrx_word' id='word_1_189' title='bbox 857 2300 988 2342; x_wconf 84' lang='lat' dir='ltr'><strong>fuisse</strong></span> <span class='ocrx_word' id='word_1_190' title='bbox 1021 2301 1169 2342; x_wconf 86' lang='lat' dir='ltr'><strong>ultima</strong></span> <span class='ocrx_word' id='word_1_191' title='bbox 1199 2300 1333 2341; x_wconf 90' lang='lat' dir='ltr'><strong>verba</strong></span> <span class='ocrx_word' id='word_1_192' title='bbox 1365 2301 1567 2360; x_wconf 82' lang='grc' dir='ltr'>ἐπιψαύων</span> <span class='ocrx_word' id='word_1_193' title='bbox 1602 2300 1673 2343; x_wconf 77' lang='grc' dir='ltr'>καὶ</span> <span class='ocrx_word' id='word_1_194' title='bbox 1709 2291 2032 2358; x_wconf 66' lang='grc' dir='ltr'>ἀποπειρώμενος</span> 
     </span>
     <span class='ocr_line' id='line_1_27' title="bbox 318 2370 1254 2426; baseline -0.002 -12"><span class='ocrx_word' id='word_1_195' title='bbox 318 2372 384 2414; x_wconf 86' lang='grc' dir='ltr'>ἀπ.</span> <span class='ocrx_word' id='word_1_196' title='bbox 419 2370 514 2411; x_wconf 79' lang='lat' dir='ltr'><strong>finis</strong></span> <span class='ocrx_word' id='word_1_197' title='bbox 548 2373 718 2413; x_wconf 83' lang='lat' dir='ltr'><strong>alterius</strong></span> <span class='ocrx_word' id='word_1_198' title='bbox 751 2373 930 2413; x_wconf 90' lang='lat' dir='ltr'><strong>trimetri</strong></span> <span class='ocrx_word' id='word_1_199' title='bbox 964 2385 1061 2414; x_wconf 90' lang='lat' dir='ltr'><strong>esse</strong></span> <span class='ocrx_word' id='word_1_200' title='bbox 1094 2376 1254 2426; x_wconf 87' lang='lat' dir='ltr'><strong>potest.</strong></span> 
     </span>
    </p>
   </div>
   <div class='ocr_carea' id='block_1_11' title="bbox 989 2488 1365 2545">
    <p class='ocr_par' dir='ltr' id='par_1_14' title="bbox 989 2488 1365 2545">
     <span class='ocr_line' id='line_1_28' title="bbox 989 2488 1365 2545; baseline -0.005 -13"><span class='ocrx_word' id='word_1_201' title='bbox 989 2491 1028 2532; x_wconf 83' lang='lat'>7.</span> <span class='ocrx_word' id='word_1_202' title='bbox 1063 2493 1133 2545; x_wconf 57' lang='grc' dir='ltr'>(ε</span> <span class='ocrx_word' id='word_1_203' title='bbox 1157 2490 1244 2533; x_wconf 86' lang='lat'>299</span> <span class='ocrx_word' id='word_1_204' title='bbox 1276 2488 1365 2545; x_wconf 81' lang='lat' dir='ltr'><strong>K.).</strong></span> 
     </span>
    </p>
   </div>
   <div class='ocr_carea' id='block_1_12' title="bbox 815 2573 1560 2707">
    <p class='ocr_par' dir='ltr' id='par_1_15' title="bbox 815 2573 1560 2707">
     <span class='ocr_line' id='line_1_29' title="bbox 821 2573 1532 2635; baseline -0.003 -16"><span class='ocrx_word' id='word_1_205' title='bbox 821 2573 839 2629; x_wconf 83' lang='lat'>&lt;</span> <span class='ocrx_word' id='word_1_206' title='bbox 852 2574 1031 2630; x_wconf 69' lang='grc' dir='ltr'>θυννὶς),</span> <span class='ocrx_word' id='word_1_207' title='bbox 1064 2576 1226 2635; x_wconf 82' lang='grc' dir='ltr'>κωβιὸς,</span> <span class='ocrx_word' id='word_1_208' title='bbox 1262 2576 1532 2630; x_wconf 73' lang='grc' dir='ltr'>ἠλακατῆνες,</span> 
     </span>
     <span class='ocr_line' id='line_1_30' title="bbox 815 2643 1560 2707; baseline -0.005 -16"><span class='ocrx_word' id='word_1_209' title='bbox 815 2650 932 2700; x_wconf 88' lang='grc' dir='ltr'>κυνὸς</span> <span class='ocrx_word' id='word_1_210' title='bbox 963 2648 1122 2707; x_wconf 81' lang='grc' dir='ltr'>οὐραῖον</span> <span class='ocrx_word' id='word_1_211' title='bbox 1159 2643 1263 2701; x_wconf 80' lang='grc' dir='ltr'>(τῶν</span> <span class='ocrx_word' id='word_1_212' title='bbox 1294 2644 1560 2706; x_wconf 82' lang='grc' dir='ltr'>καρχαριῶν).</span> 
     </span>
    </p>
   </div>
   <div class='ocr_carea' id='block_1_13' title="bbox 462 2714 2112 2796">
    <p class='ocr_par' dir='ltr' id='par_1_16' title="bbox 462 2714 2112 2796">
     <span class='ocr_line' id='line_1_31' title="bbox 462 2714 2112 2796; baseline 0.002 -18"><span class='ocrx_word' id='word_1_213' title='bbox 462 2738 714 2781; x_wconf 73' lang='lat' dir='ltr'><strong>Athenaeus</strong></span> <span class='ocrx_word' id='word_1_214' title='bbox 760 2755 835 2795; x_wconf 85' lang='lat' dir='ltr'>pg.</span> <span class='ocrx_word' id='word_1_215' title='bbox 882 2740 1023 2784; x_wconf 83' lang='lat' dir='ltr'><strong>3⁰ld:</strong></span> <span class='ocrx_word' id='word_1_216' title='bbox 1061 2743 1335 2796; x_wconf 70' lang='grc' dir='ltr'>ἠλακατῆνες·</span> <span class='ocrx_word' id='word_1_217' title='bbox 1375 2742 1449 2785; x_wconf 79' lang='grc' dir='ltr'>εἰσὶ</span> <span class='ocrx_word' id='word_1_218' title='bbox 1484 2742 1533 2784; x_wconf 74' lang='grc' dir='ltr'>δὲ</span> <span class='ocrx_word' id='word_1_219' title='bbox 1568 2741 1775 2795; x_wconf 77' lang='grc' dir='ltr'>κητώδεις,</span> <span class='ocrx_word' id='word_1_220' title='bbox 1813 2739 2034 2793; x_wconf 74' lang='grc' dir='ltr'>ἐπιτήδειοι</span> <span class='ocrx_word' id='word_1_221' title='bbox 2110 2714 2112 2768; x_wconf 30' lang='grc' dir='ltr'>ἶ</span> 
     </span>
    </p>
   </div>
   <div class='ocr_carea' id='block_1_14' title="bbox 321 2807 2112 2935">
    <p class='ocr_par' dir='ltr' id='par_1_17' title="bbox 321 2807 2112 2935">
     <span class='ocr_line' id='line_1_32' title="bbox 321 2807 2112 2873; baseline -0.004 -13"><span class='ocrx_word' id='word_1_222' title='bbox 321 2812 374 2860; x_wconf 69' lang='grc' dir='ltr'>εἷς</span> <span class='ocrx_word' id='word_1_223' title='bbox 408 2815 622 2870; x_wconf 71' lang='grc' dir='ltr'>ταριχείαν.</span> <span class='ocrx_word' id='word_1_224' title='bbox 678 2815 907 2872; x_wconf 74' lang='grc' dir='ltr'>Μένανδρος</span> <span class='ocrx_word' id='word_1_225' title='bbox 937 2815 1105 2858; x_wconf 88' lang='grc' dir='ltr'>Κόλωσί</span> <span class='ocrx_word' id='word_1_226' title='bbox 1126 2824 1239 2873; x_wconf 83' lang='grc' dir='ltr'>φησι·</span> <span class='ocrx_word' id='word_1_227' title='bbox 1273 2814 1373 2872; x_wconf 86' lang='grc' dir='ltr'>κωβ.</span> <span class='ocrx_word' id='word_1_228' title='bbox 1406 2814 1472 2867; x_wconf 81' lang='grc' dir='ltr'>ἠλ.</span> <span class='ocrx_word' id='word_1_229' title='bbox 1507 2807 1610 2867; x_wconf 80' lang='grc' dir='ltr'>[καὶ]</span> <span class='ocrx_word' id='word_1_230' title='bbox 1642 2827 1725 2854; x_wconf 83' lang='grc' dir='ltr'>κυν.</span> <span class='ocrx_word' id='word_1_231' title='bbox 1758 2808 1841 2869; x_wconf 66' lang='lat' dir='ltr'>obp·</span> <span class='ocrx_word' id='word_1_232' title='bbox 1865 2809 2034 2854; x_wconf 76' lang='grc' dir='ltr'>Κόλωσί</span> <span class='ocrx_word' id='word_1_233' title='bbox 2108 2819 2112 2843; x_wconf 77' lang='grc' dir='ltr'><strong>ἵ</strong></span> 
     </span>
     <span class='ocr_line' id='line_1_33' title="bbox 322 2879 2106 2935; baseline 0.001 -17"><span class='ocrx_word' id='word_1_234' title='bbox 322 2881 403 2919; x_wconf 77' lang='lat' dir='ltr'>iam</span> <span class='ocrx_word' id='word_1_235' title='bbox 430 2879 633 2922; x_wconf 80' lang='lat' dir='ltr'><strong>Chericus</strong></span> <span class='ocrx_word' id='word_1_236' title='bbox 658 2885 848 2924; x_wconf 81' lang='lat' dir='ltr'><strong>correxit</strong></span> <span class='ocrx_word' id='word_1_237' title='bbox 869 2885 909 2924; x_wconf 88' lang='lat' dir='ltr'><strong>in</strong></span> <span class='ocrx_word' id='word_1_238' title='bbox 928 2886 1102 2929; x_wconf 79' lang='grc' dir='ltr'>Κόλακί.</span> <span class='ocrx_word' id='word_1_239' title='bbox 1122 2909 1178 2913; x_wconf 45' lang='grc' dir='ltr'><em>Μ</em></span> <span class='ocrx_word' id='word_1_240' title='bbox 1200 2883 1333 2924; x_wconf 69' lang='lat' dir='ltr'><strong>verba</strong></span> <span class='ocrx_word' id='word_1_241' title='bbox 1350 2883 1582 2935; x_wconf 90' lang='lat' dir='ltr'><strong>desumpta</strong></span> <span class='ocrx_word' id='word_1_242' title='bbox 1599 2893 1698 2922; x_wconf 91' lang='lat' dir='ltr'><strong>esse</strong></span> <span class='ocrx_word' id='word_1_243' title='bbox 1716 2893 1773 2921; x_wconf 88' lang='lat' dir='ltr'>ex</span> <span class='ocrx_word' id='word_1_244' title='bbox 1790 2883 2031 2933; x_wconf 83' lang='lat' dir='ltr'><strong>systemate</strong></span> <span class='ocrx_word' id='word_1_245' title='bbox 2102 2905 2106 2915; x_wconf 91' lang='lat'>.-</span> 
     </span>
    </p>
   </div>
   <div class='ocr_carea' id='block_1_15' title="bbox 323 2949 2033 3082">
    <p class='ocr_par' dir='ltr' id='par_1_18' title="bbox 323 2949 2091 3085">
     <span class='ocr_line' id='line_1_34' title="bbox 323 2949 2027 3009; baseline 0.002 -22"><span class='ocrx_word' id='word_1_246' title='bbox 323 2954 599 3002; x_wconf 62' lang='lat' dir='ltr'><strong>:unmaestico</strong></span> <span class='ocrx_word' id='word_1_247' title='bbox 624 2955 846 3005; x_wconf 74' lang='lat' dir='ltr'><strong>cognitum</strong></span> <span class='ocrx_word' id='word_1_248' title='bbox 871 2962 937 2995; x_wconf 89' lang='lat' dir='ltr'>est</span> <span class='ocrx_word' id='word_1_249' title='bbox 959 2969 982 2995; x_wconf 91' lang='lat' dir='ltr'><strong>e</strong></span> <span class='ocrx_word' id='word_1_250' title='bbox 1007 2956 1156 3009; x_wconf 83' lang='lat' dir='ltr'><strong>fragm.</strong></span> <span class='ocrx_word' id='word_1_251' title='bbox 1208 2952 1495 2995; x_wconf 79' lang='lat' dir='ltr'><strong>Mnesimachi</strong></span> <span class='ocrx_word' id='word_1_252' title='bbox 1519 2953 1677 2994; x_wconf 90' lang='lat' dir='ltr'><strong>comici</strong></span> <span class='ocrx_word' id='word_1_253' title='bbox 1699 2950 1816 3005; x_wconf 85' lang='lat' dir='ltr'>apud</span> <span class='ocrx_word' id='word_1_254' title='bbox 1838 2949 2027 2991; x_wconf 89' lang='lat' dir='ltr'><strong>eundem</strong></span> 
     </span>
     <span class='ocr_line' id='line_1_35' title="bbox 325 3020 2033 3082; baseline 0.004 -23"><span class='ocrx_word' id='word_1_255' title='bbox 325 3020 594 3062; x_wconf 53' lang='lat' dir='ltr'>⁴thicnacum</span> <span class='ocrx_word' id='word_1_256' title='bbox 631 3032 814 3066; x_wconf 64' lang='lat' dir='ltr'>servatm.</span> <span class='ocrx_word' id='word_1_257' title='bbox 880 3026 951 3066; x_wconf 85' lang='lat' dir='ltr'><strong>ubi</strong></span> <span class='ocrx_word' id='word_1_258' title='bbox 984 3040 1057 3080; x_wconf 84' lang='lat' dir='ltr'>pg.</span> <span class='ocrx_word' id='word_1_259' title='bbox 1093 3026 1216 3068; x_wconf 77' lang='lat' dir='ltr'>403b</span> <span class='ocrx_word' id='word_1_260' title='bbox 1250 3024 1359 3066; x_wconf 85' lang='lat' dir='ltr'><strong>haec</strong></span> <span class='ocrx_word' id='word_1_261' title='bbox 1390 3025 1597 3078; x_wconf 86' lang='lat' dir='ltr'><strong>legimus:</strong></span> <span class='ocrx_word' id='word_1_262' title='bbox 1632 3025 1891 3082; x_wconf 59' lang='grc' dir='ltr'>Μνησίμαχος</span> <span class='ocrx_word' id='word_1_263' title='bbox 1917 3020 2033 3067; x_wconf 23' lang='lat' dir='ltr'>vib</span> 
     </span>
    </p>
   </div>
   <div class='ocr_carea' id='block_1_16' title="bbox 2067 2848 2112 3496">
    <p class='ocr_par' dir='ltr' id='par_1_19' title="bbox 2067 2848 2112 3496">
     <span class='ocr_line' id='line_1_36' title="bbox 2067 2848 2112 3496; baseline 0 0"><span class='ocrx_word' id='word_1_264' title='bbox 2067 2848 2112 3496; x_wconf 95' lang='lat' dir='ltr'> </span> 
     </span>
    </p>
   </div>
  </div>
 </body>
</html>
