2112 3496
1023 456 1195 509 sanctus
1223 455 1563 500 ddulescbntulist

737 527 934 581 officium
965 525 1203 583 liberalis1).

292 605 469 641 annotat
501 600 718 640 Donatus:

434 671 490 726 (3)
525 677 567 712 et
599 668 686 710 hoc
720 670 775 711 de
808 669 1104 723 Apollodoro.

966 797 1324 844 Testimonia:
1788 820 1804 846 ο

364 886 400 927 1.
435 887 593 927 Donat.
626 886 761 939 praef.
803 885 870 926 ad.
905 883 1079 925 Phorm.
1112 885 1129 924 I
1164 884 1207 926 l:
1249 883 1451 928 Phormio
1484 886 1651 927 Graeca
1687 886 1838 941 lingua
1866 885 1999 936 fiscum

430 963 627 1011 sparteus
674 962 717 998 et
760 962 951 998 stramen
995 957 1212 997 nauticum
1249 992 1257 1001 .
1293 989 1302 998 .
1337 989 1346 997 .
1386 957 1558 998 dicitur:
1605 970 1629 998 a
1667 958 1789 999 cuius
1825 958 1889 1000 rei
1925 959 1998 1001 vel

430 1030 671 1083 capacitate
710 1029 781 1069 vel
820 1029 982 1069 vilitate
1022 1028 1151 1068 etiam
1189 1029 1242 1069 ab
1272 1026 1557 1082 Apollodoro
1595 1029 1808 1082 parasitus
1845 1027 1998 1072 Phor·

431 1101 616 1159 mioniys
649 1101 827 1141 nomine
862 1104 1144 1153 nuncupatur.
1182 1123 1242 1130 —
1279 1099 1335 1140 de
1368 1098 1633 1141 Phormione
1666 1098 1843 1142 Seleuci
1873 1114 1999 1156 para·-

430 1173 512 1213 sito
546 1172 600 1213 cf.
635 1171 797 1213 Athen.
834 1171 891 1212 VI
924 1171 1024 1214 244.
1057 1189 1059 1191 ·
1166 1157 1178 1171 ⁸

362 1244 400 1286 2.
434 1245 594 1286 Donat.
628 1244 683 1285 ad
716 1242 890 1286 Phorm.
924 1243 1031 1285 339:
1086 1242 1150 1297 (1)
1188 1240 1300 1284 haec
1338 1256 1428 1283 non
1466 1242 1521 1284 ab
1553 1241 1854 1297 Apollodoro,
1909 1245 1993 1289 sed

428 1316 484 1356 de
521 1314 714 1371 (Ennio)
751 1315 956 1356 translata
987 1319 1086 1355 sunt
1117 1314 1264 1355 omnia
1296 1314 1362 1368 (=
1390 1319 1466 1355 sat.
1501 1314 1562 1355 VI
1592 1322 1660 1356 vv.
1696 1314 1874 1359 14—19
1894 1314 1994 1373 Vss).

359 1386 397 1429 3.
432 1388 592 1428 Donat.
627 1388 681 1427 ad
714 1385 887 1427 Phorm.
922 1385 992 1435 91,
1027 1399 1114 1439 quo
1146 1386 1249 1426 loco
1281 1385 1392 1427 Geta
1424 1386 1550 1426 Davo
1583 1385 1694 1428 haec
1725 1392 1884 1431 narrat:

527 1461 574 1501 in
606 1471 685 1512 quo
718 1458 820 1500 haec
852 1457 1035 1500 discebat
1066 1456 1180 1508 ludo,
1214 1457 1493 1500 exadvorsum
1525 1459 1563 1500 ei
1593 1456 1681 1501 loco

527 1530 735 1573 tonstrina
765 1533 856 1571 erat
887 1529 1111 1582 quaedam:
1145 1528 1211 1572 hic
1240 1528 1476 1571 solebamus
1505 1529 1594 1583 fere

437 1601 495 1643 90
518 1602 768 1655 plerumque
799 1615 892 1643 eam
923 1601 1121 1654 opperiri,
1154 1599 1255 1643 dum
1286 1600 1386 1642 inde
1416 1601 1495 1642 iret
1525 1600 1707 1643 domum.

525 1675 685 1715 interea
715 1673 817 1715 dum
848 1672 1080 1726 sedemus-²)
1112 1671 1190 1723 illi,
1222 1672 1495 1714 intervenit

525 1744 819 1787 adulescens
850 1743 1053 1797 quidam
1083 1743 1380 1786 lacrumans.
1455 1756 1530 1786 nos
1559 1744 1780 1796 mirarum

523 1829 724 1870 royamus
756 1815 858 1868 quid
890 1816 946 1857 sit
979 1848 987 1856 .
1023 1847 1031 1856 .
1067 1848 1076 1856 .

428 1889 624 1928 Donatus
658 1888 713 1927 ad
746 1901 784 1928 v,
818 1887 872 1928 91
908 1886 988 1941 (4):

280 1957 517 2014 intervenit]
550 1957 857 2012 Apollodorus
889 1965 1154 2000 tonsorem
1186 1958 1351 2011 ipsum
1385 1957 1580 1998 nuntium
1619 1957 1734 2008 facit,
1781 1958 1854 2012 qui
1875 1958 1993 2003 dicat

281 2043 328 2070 se
375 2043 515 2084 nuper
561 2009 736 2083 puena'e
786 2043 961 2072 comam
1010 2029 1070 2071 ob
1108 2029 1271 2070 luctum
1316 2028 1606 2082 abstulisse3),
1654 2029 1776 2083 quod
1817 2029 1989 2074 scilicet

281 2101 531 2143 Terentium
576 2106 781 2151 mutasse,
831 2115 885 2142 ne
933 2101 1125 2142 externis
1170 2100 1364 2141 moribus
1409 2105 1717 2154 spectatorem*
1743 2099 1990 2143 Romanum

281 2173 540 2214 offenderet.

421 2244 620 2286 fortasse·
652 2250 806 2286 tonsor
847 2245 889 2285 in
934 2244 1116 2298 publico
1158 2243 1292 2285 verba
1335 2244 1498 2286 faciens
1535 2257 1582 2285 re
1620 2256 1723 2285 vera
1746 2242 1874 2286 haec
1912 2243 1991 2287 fuit

281 2329 421 2365 causa,
471 2329 546 2357 cur
583 2316 814 2357 Terentius
857 2329 1092 2369 personam
1136 2321 1379 2356 narrantem
1429 2329 1453 2356 e
1501 2320 1681 2357 tonsore
1723 2320 1914 2359 mutaret·
1934 2315 1989 2360 iu
2061 2341 2078 2372 ς

280 2387 605 2428 adulescentem
641 2389 893 2441 ingenuum.

424 2506 449 2547 ¹)
475 2507 550 2539 Ter.
577 2506 638 2538 Ad.
666 2503 747 2539 463.
773 2504 813 2538 4.·

1346 2572 1460 2608 neque
1483 2561 1569 2599 boni

734 2633 846 2668 neque
871 2622 1032 2659 liberalis
1055 2621 1205 2664 functus
1228 2621 1424 2664 officiumst
1446 2621 1527 2657 viri.

421 2683 446 2725 ²)
472 2685 558 2717 Plut.
592 2685 634 2717 dc
665 2695 754 2726 garr.
791 2683 849 2719 13:
888 2680 1040 2724 ἐπιεικῶς
1073 2682 1111 2718 δὲ
1141 2683 1241 2718 λάλον
1273 2678 1342 2718 ἐστὶ
1372 2681 1408 2719 τὸ
1442 2685 1509 2718 τῶν
1538 2679 1686 2727 κουρέων
1715 2679 1820 2727 γένος.
1867 2680 1899 2719 οἱ
1919 2675 1987 2729 τδρ
2046 2687 2077 2734 ἦ,

279 2741 536 2789 ἀδολεσχότατοι
560 2742 756 2788 προσρέουσι
783 2743 842 2779 καὶ
866 2741 1219 2788 προσκαθίζουσιν
1244 2743 1332 2778 ὥστε
1358 2741 1478 2783 αὐτοὺς
1502 2739 1782 2787 ἀναπίμπλασθαι
1802 2742 1863 2788 τῆς
1885 2752 1986 2792 ωη-
2026 2729 2083 2790 ᾗ

277 2800 379 2843 θείας.
431 2804 517 2836 bene
548 2804 698 2836 imitatus
731 2808 782 2836 est
813 2803 916 2836 vitam
940 2803 1188 2846 Apollodorus.
1238 2801 1283 2835 cf.
1307 2804 1364 2835 Ar.
1391 2802 1480 2836 Plut.
1510 2800 1593 2836 337.
1644 2801 1730 2835 Hor.
1755 2804 1819 2836 nt.
1848 2800 1866 2835 Ι
1889 2797 1984 2844 ’2.3,

278 2861 384 2896 Plaut.
412 2863 530 2905 Amph.
559 2861 662 2896 1013.
713 2863 833 2896 iocose
859 2862 1031 2896 inducitur
1056 2862 1270 2905 Amphitruo,
1303 2861 1398 2904 qui
1387 2861 1590 2894 Naucratem
1622 2859 1824 2903 quaeritavit
1851 2857 1894 2895 ‘a
1915 2866 2003 2906 fib?
2025 2863 2026 2866 ’
2059 2851 2083 2898 ,·Ῑ“·’

278 2919 417 2963 dicinis
444 2920 481 2955 in
506 2922 706 2956 tonstrmis.
758 2921 877 2964 Polyb.
901 2922 947 2954 111
972 2919 1030 2963 20,
1056 2920 1089 2955 5.

422 2980 448 3017 ¹¹)
475 2980 697 3014 circumibunt
729 2982 834 3023 igitur
865 2982 966 3014 etiam
998 2992 1060 3024 per
1092 2981 1247 3023 familias,
1288 2980 1380 3023 quod
1411 2980 1502 3013 idem
1535 2978 1615 3012 fucit
1646 2978 1790 3012 tonsu-ix
1814 2977 1902 3013 sm
1928 2963 2034 3015 ss.
2027 2958 2069 2991 ἶ-

277 3038 519 3079 Trucu1.405
548 3038 757 3077 7:1’cn1inae
784 3041 872 3073 enim
898 3051 966 3073 non
993 3040 1173 3073 veniebant
1198 3040 1231 3072 in
1258 3039 1453 3074 tonstrinas.
