2112 3496
1004 328 1300 371 ...12-

298 451 477 492 trimetri
509 450 788 490 terminantur
803 449 845 502 ¹).
907 447 1043 488 verba
1074 449 1149 492 οὐκ
1178 450 1227 492 ἂν
1259 449 1485 506 ἀπολοίμην
1516 450 1560 488 et
1589 447 1769 489 trimetri
1805 451 1849 490 et
1878 451 2007 491 tetra·

296 523 421 563 metri
458 522 623 562 initium
660 524 846 574 possunt
882 519 1039 568 facere,
1081 531 1344 572 quamquam
1381 518 1518 559 multo
1561 519 1836 573 acceptiores
1882 524 2008 561 erunt

296 593 463 634 numeri
493 593 535 632 in
567 591 747 632 trimetri
779 590 965 631 formam
997 590 1176 631 redacti.
1225 590 1374 630 ultima
1395 608 1415 634 ε
1437 602 1550 642 quae
1571 594 1764 632 servatur
1783 604 1810 632 a
1830 590 2006 632 Kockio

296 663 560 717 amplificata
597 668 663 704 est
700 663 743 703 in
781 662 964 702 verbum
997 659 1130 716 ἔ<τι>,
1169 661 1291 714 quod
1322 661 1481 714 probo,
1514 662 1615 715 quia
1645 661 1802 703 melius
1832 662 1890 703 ad
1919 661 2006 704 Te-

295 736 403 776 renti
433 734 613 788 posthac
644 734 826 786 quadrat
863 745 993 786 quam
1027 733 1302 775 Dziatzkonis
1332 737 1446 777 ποτέ.
1505 732 1689 774 fortasse
1720 730 1811 788 ἔ<τι
1839 737 1891 779 τὸ
1920 736 2006 779 λοι.

293 805 407 862 πόν),
441 819 552 859 quae
584 805 708 846 vides
740 804 975 846 coniuncta
995 802 1071 845 Ar.
1096 803 1198 857 Lys.
1223 803 1351 853 1278,
1385 810 1490 857 post
1511 805 1735 865 ἀπολοίμην
1754 804 2007 846 interierunt

294 877 354 918 ob
377 878 611 918 litterarum
634 876 974 925 similitudinem,
997 875 1079 916 sed
1100 874 1212 916 haec
1233 889 1322 916 non
1345 876 1529 916 audeam
1553 875 1837 917 contendere.
1870 875 2010 918 verba>

293 949 469 989 Terenti
505 962 616 990 mmo
651 949 691 990 si
727 948 859 991 devito
897 947 973 991 hoc
1009 947 1170 990 malum
1208 947 1251 987 in
1290 947 1548 1000 fragmento⁴
1570 946 1842 989 Menandreo
1873 947 2004 1002 plane

293 1019 397 1061 nihil
429 1020 605 1069 habent,
640 1021 709 1061 cui
746 1020 1056 1073 respondeant.

981 1137 1020 1180 8.
1057 1137 1125 1193 (=
1154 1138 1211 1180 45
1243 1137 1329 1194 K.).

839 1220 973 1279 <ἀ>πὸ
1007 1224 1158 1276 Λοξίου
1192 1226 1240 1268 σὺ
1275 1225 1462 1282 μυρρίνας

575 1290 749 1355 λαβοῦσῗ
782 1297 973 1339 ὑπότεινε.

434 1390 531 1431 Ter.
554 1388 692 1430 Andr.
716 1402 783 1430 vv,
809 1388 906 1431 726.
931 1390 970 1434 7.
1018 1390 1167 1430 Davus
1190 1389 1334 1442 Mysin
1359 1389 1561 1430 ancillam
1583 1387 1797 1443 Pamphili
1819 1389 2001 1432 filiolum

290 1468 390 1502 ante
423 1460 614 1503 Simonis
646 1462 816 1502 ianuam
851 1461 1078 1514 deponere
1112 1461 1232 1502 iubet
1263 1459 1373 1501 haec
1405 1461 1618 1502 adiciens:

673 1547 810 1594 e-rsst:
841 1558 892 1587 ex
921 1543 1002 1586 άνα
1031 1543 1130 1587 hinc
1159 1544 1276 1586 stirne
1305 1544 1507 1587 verbenas
1537 1544 1614 1587 tibi

674 1620 799 1670 atque
820 1629 900 1658 -eas
929 1615 1153 1658 substerne,

293 1701 490 1741 Donatus
525 1699 654 1740 haec:

290 1770 353 1827 (1)
392 1786 442 1814 ex
478 1785 557 1814 ara
593 1785 709 1814 sume
740 1772 779 1814 h.
813 1786 850 1814 v.
884 1770 935 1827 t.]
970 1785 1027 1812 ex
1066 1783 1137 1811 ara
1168 1768 1390 1824 Apollinis
1428 1771 1609 1819 scilicet,
1649 1784 1781 1824 quem
1820 1772 2002 1831 ἀγυιαῒον

292 1843 534 1884 Menander
570 1847 710 1883 vocat.
779 1842 843 1898 (7)
882 1856 933 1885 ex
969 1856 1048 1884 ara
1085 1854 1118 1884 s.
1151 1840 1214 1897 v.]
1252 1841 1471 1883 verbenae
1510 1847 1608 1882 sunt
1645 1855 1800 1884 omnes
1838 1841 2001 1884 herbae

290 1914 554 1967 frondesque
587 1915 723 1956 festae
757 1915 812 1955 ad
845 1927 937 1956 aras
971 1915 1246 1955 coronandas
1277 1914 1347 1954 vel
1371 1927 1527 1955 omnes
1549 1913 1712 1955 herbae
1735 1913 2001 1968 frondesque

291 1999 349 2026 ex
387 1987 489 2027 loco
530 2000 638 2039 puro
678 1987 928 2040 decerptae.
998 1986 1197 2028 verbenae
1238 1990 1381 2027 autern
1425 1986 1567 2027 dictae
1610 1986 1741 2027 veluti
1786 1985 1999 2028 herberiae.

292 2057 534 2098 Menander
565 2059 646 2099 sic:

689 2145 931 2195 κολεξιασσυ
964 2159 1064 2202 μυρρ
1083 2150 1092 2159 “
1118 2158 1219 2186 υνασ
1245 2140 1250 2195 Ι
1278 2158 1410 2201 χχησα
1427 2150 1436 2159 ·
1462 2158 1613 2186 ιετεινε.

432 2229 658 2276 praeterea
689 2223 775 2266 huc
806 2226 995 2279 pertinet
1023 2223 1145 2266 Servi
1176 2223 1316 2266 schol.
1351 2225 1406 2265 ad
1427 2223 1541 2265 Aen.
1564 2224 1657 2265 XII.
1683 2222 1787 2266 120:
1821 2223 2000 2265 abusive

289 2294 487 2337 verbenas
519 2296 602 2336 iam
635 2309 844 2337 vocamus
877 2309 1033 2337 omnes
1066 2295 1245 2336 frondes
1277 2300 1478 2345 sacratas,
1522 2300 1567 2336 ut
1598 2300 1665 2336 est
1696 2296 1852 2345 laurus,
1885 2295 2001 2336 oliva

290 2366 359 2405 vel
392 2371 568 2418 myrtus.
633 2367 881 2409 Terentius:
921 2381 972 2409 ex
1007 2381 1088 2410 ara
1118 2380 1236 2410 sume
1267 2366 1363 2409 hinc
1393 2367 1606 2410 verbenas.
1669 2379 1769 2407 nam
1811 2372 1999 2419 myrtum
2054 2414 2057 2418 μ

290 2435 420 2478 fuisse
455 2438 697 2479 Menander
728 2443 918 2487 testatur,
954 2439 1010 2479 de
1044 2452 1130 2492 quo
1164 2438 1393 2479 Terentius
1426 2437 1698 2492 transtulit2).

432 2509 588 2561 quibus
621 2511 791 2551 collatis
823 2511 965 2551 statim
999 2510 1122 2550 vides
1150 2523 1175 2550 a
1196 2510 1331 2551 tribus
1354 2510 1586 2564 fragmenti
1607 2509 1867 2551 Menandrei
1889 2509 1998 2551 locis

289 2579 513 2631 profectos
552 2587 711 2634 poetae
749 2580 894 2622 verbis
934 2581 1100 2622 mederi
1139 2594 1220 2622 nos
1254 2594 1402 2634 posse.
1465 2594 1565 2622 nam
1598 2581 1785 2634 primum
1816 2581 1998 2622 verbum

289 2654 475 2709 μυρρίνας
510 2675 558 2681 —
586 2651 708 2693 Servi
730 2656 914 2708 myrtum
939 2676 993 2682 —
1017 2652 1118 2694 cod.
1153 2652 1374 2693 incolume
1406 2657 1560 2702 servat,
1594 2652 1757 2693 deinde
1789 2652 1833 2694 in
1862 2654 2000 2708 λιξιας

433 2791 457 2831 ¹)
483 2793 590 2825 I‘laut.
617 2794 737 2827 Bacch.
765 2792 852 2828 239:
877 2793 911 2828 si
933 2792 974 2828 di
999 2792 1133 2828 volunt.

432 2849 456 2891 ²)
482 2851 546 2883 hoc
579 2852 657 2885 loco
690 2858 832 2895 apparet
864 2853 1018 2886 Servium
1048 2863 1146 2886 usum
1178 2863 1253 2886 esse
1284 2853 1412 2886 Donati
1444 2858 1638 2886 commento
1670 2853 1712 2885 nd
1738 2852 1924 2895 Vergilium
1955 2852 1997 2886 ab

288 2908 348 2939 illo
377 2910 511 2951 saepius
538 2911 692 2950 citatum3
720 2912 752 2944 in
780 2922 849 2954 quo
875 2913 929 2945 hic
955 2913 989 2945 in
1015 2913 1125 2945 altero
1152 2913 1265 2946 lerum.
1293 2914 1375 2946 Aen.
1401 2912 1475 2945 XII.
1501 2910 1577 2945 120.
1627 2916 1822 2954 respuent
1848 2911 1891 2944 ad
1915 2911 1997 2944 ulte-

291 2976 362 2998 rum
388 2968 463 3001 Ter.
491 2970 592 3002 Andr.
621 2969 701 3004 726.
739 2972 852 3013 itaque
875 2972 1003 3005 Donati
1022 2978 1213 3005 commenta
1230 2972 1431 3005 Terentiana
1447 2971 1565 3015 priora
1585 2971 1798 3013 vergilinnis.
1847 2970 1998 3004 Terentii

289 3027 483 3059 testimonia
506 3039 606 3070 saepe
633 3030 817 3063 afferuntur
842 3031 932 3074 apud
958 3032 1130 3065 Servium:
1157 3042 1196 3064 ex
1220 3031 1370 3073 Donato,
1396 3036 1433 3064 ut
1458 3031 1600 3064 videtur.
