2112 3496
1026 309 1322 351 -26-

322 438 387 473 est
418 433 668 486 respexisse
702 431 757 472 ad
789 431 897 472 tales
930 432 1071 481 locos,
1104 430 1244 484 qualis
1267 435 1334 472 est
1354 429 1437 472 hic.
1498 431 1625 472 Davo
1647 431 1777 485 igitur
1796 429 2033 474 humanum

322 504 482 557 aliquid
525 503 739 544 accidisse
777 503 1054 543 statuendum
1093 507 1171 552 est,
1211 502 1332 556 quod
1370 502 1574 543 dominus
1611 503 1889 556 persentiscit
1923 503 2037 545 inter

320 574 455 615 verba
498 578 676 630 στακτήν
715 578 758 614 et
795 576 996 630 ἐκνίσὸης,
1039 587 1127 627 quo
1165 574 1269 615 loco
1309 578 1352 615 et
1388 574 1544 628 papyri
1581 573 1812 615 scribarius
1846 574 2037 628 graviter

322 646 526 687 distinxit.
591 659 649 686 ex
687 658 774 698 quo
814 646 1007 699 sequitur
1042 646 1088 686 id
1125 645 1322 695 verbum,
1356 645 1478 699 quod
1508 643 1681 687 Laches
1712 645 1901 700 primum
1931 659 2035 700 pro-

322 718 498 766 nuntiat,
544 716 617 757 ubi
657 730 714 757 ex
752 717 1037 758 admiratione
1075 718 1266 758 animum
1305 718 1485 771 recepit,
1524 717 1803 758 referendum
1842 729 1942 758 esse
1979 716 2036 758 ad

322 789 395 830 illa
431 788 597 829 timoris
634 788 896 838 testimonia,
936 801 1080 842 neque
1112 788 1254 829 minus
1286 789 1398 830 servi
1429 801 1704 842 responsum.
1766 788 1926 842 quodsi
1956 787 2038 829 do-

322 861 464 900 minus
505 860 670 912 quaerit
701 862 905 916 ἐκνίσθηςς
938 884 998 890 -
1029 865 1073 901 et
1102 860 1455 914 interrogationis
1487 861 1666 914 quidem
1698 864 1848 901 notam
1879 871 2038 901 omnes

323 932 515 972 editores
546 936 786 984 posuerunt
820 955 870 961 —
905 932 951 972 id
982 930 1088 972 nihil
1120 933 1238 973 aliud
1269 936 1419 986 potest
1446 932 1593 973 valere
1616 936 1743 985 atque
1764 929 1872 973 hoc:
1892 930 2041 974 ideone

322 1007 369 1045 tu
406 1003 507 1045 haec
542 1002 739 1055 effudisti,
776 1003 886 1057 quod
922 1006 1109 1059 ἐκνίσθης
1153 1002 1176 1045 ,ἓ
1211 1004 1302 1045 vel:
1340 1007 1439 1046 tune
1473 1003 1526 1046 ab
1567 1003 1710 1056 aliquo
1741 1004 1930 1059 ἐκνίσῦης
1961 1003 2036 1056 ita,

322 1078 369 1117 ut
405 1074 506 1117 haec
524 1073 800 1127 effunderes?
860 1074 998 1115 verbo
1029 1077 1172 1129 κνίζειν
1203 1075 1333 1128 igitur
1362 1073 1630 1128 significatur
1660 1074 1774 1115 actio
1807 1073 2038 1127 quaedam,

324 1159 408 1199 qua
440 1144 634 1195 efficitur,
667 1150 713 1186 ut
743 1146 907 1199 aliquid
939 1145 1183 1187 effundatur
1212 1147 1284 1187 vel
1317 1145 1490 1196 defluat,
1524 1146 1615 1187 scil.
1648 1159 1706 1186 ex
1726 1145 2039 1186 vulneratione.

326 1222 453 1270 atque
475 1217 594 1258 idem
617 1217 734 1258 valet
755 1222 884 1271 atque
905 1217 1103 1272 scalpere,
1124 1220 1273 1260 ritzen.
1335 1218 1453 1259 velut
1475 1218 1591 1271 apud
1614 1217 1841 1258 Herodam
1868 1215 1945 1271 (IV
1965 1214 2039 1272 59)

325 1289 381 1329 de
413 1289 541 1342 signo
573 1289 693 1341 picto
727 1289 927 1330 dicuntur
957 1287 1085 1332 haec:

606 1363 678 1405 τὸν
708 1364 841 1405 παῖδα
870 1364 924 1417 δὴ
955 1364 1028 1406 τὸν
1058 1365 1208 1422 γυμνὸν
1237 1365 1286 1418 ἢν
1313 1364 1459 1406 ’κνίσω
1491 1368 1650 1414 τοῦτον,

611 1435 685 1491 οὐχ
716 1433 839 1485 ἕλκος
868 1434 950 1486 ἕξει
979 1435 1136 1482 Κύννα;
1170 1433 1212 1487 (i.
1248 1446 1288 1478 e.
1319 1433 1360 1475 si
1389 1445 1529 1487 unque
1558 1430 1796 1485 scalpsero).

326 1501 648 1556 Aristophanes
679 1517 803 1557 vesp.
836 1518 876 1544 v.
911 1503 1027 1546 1286
1059 1505 1115 1545 de
1149 1517 1197 1545 se
1229 1505 1328 1558 ipso
1361 1504 1606 1544 ioculariter
1637 1501 1885 1544 confitetur:

501 1578 570 1619 καὶ
603 1574 784 1631 (Κλέων)
816 1593 868 1629 με
897 1579 1061 1628 κακίαις
1091 1576 1272 1621 ἔκνισε·
1303 1575 1401 1621 κᾶθ’
1437 1575 1498 1620 ὅτ’
1533 1577 1800 1635 ἀπεδειρόμην
1821 1607 1831 1616 .
1857 1604 1867 1614 .
1889 1605 1900 1615 .

326 1644 367 1687 h.
403 1660 439 1686 e.
474 1647 596 1699 quasi
626 1647 829 1688 victimae
861 1647 945 1688 sibi
976 1648 1143 1688 corium
1181 1647 1324 1701 primo
1362 1646 1583 1701 scalptum,
1620 1650 1781 1699 postea
1810 1644 2044 1688 detractum

327 1730 438 1759 esse.
499 1716 581 1758 sed
613 1719 743 1759 etiam
781 1719 955 1772 plantae
988 1719 1233 1772 scalpendo
1265 1723 1452 1772 possunt
1481 1717 1709 1767 vulnerari,
1741 1721 1788 1758 ut
1819 1715 2044 1757 effundant

327 1794 399 1830 aut
429 1802 581 1830 sucum
614 1794 685 1831 aut
715 1790 915 1831 resinam.
964 1791 1109 1844 itaque
1139 1793 1282 1846 κνίζειν
1313 1791 1442 1831 etiam
1474 1803 1566 1830 vox
1585 1791 1806 1845 κηπευτική
1828 1787 1942 1829 facta
1961 1791 2042 1836 est,

328 1874 412 1913 qua
443 1860 710 1914 significatur
741 1862 855 1902 actio
894 1862 1118 1903 incidendi
1156 1861 1336 1903 arbores
1373 1861 1548 1902 frutices
1586 1860 1761 1910 fructus,
1799 1872 1985 1913 quorum
2017 1871 2044 1900 e

329 1944 435 1972 suco
455 1932 674 1974 defluente
693 1932 762 1987 (=
784 1936 961 1993 δάκρυον
981 1933 1049 1978 ἀπ’
1073 1936 1254 1994 ἐντομῆς,
1276 1931 1519 1987 Theophr.)
1544 1931 1705 1985 aliquid
1725 1930 2046 1972 fabricabantur

329 2008 518 2054 veteres;
562 2004 615 2045 cf.
649 2003 813 2046 Athen.
846 2004 959 2048 51b:
1001 2007 1099 2058 ἅπερ
1141 2004 1210 2056 (τὰ
1247 2004 1461 2064 συκάμινα)
1501 2007 1538 2049 οἰ
1575 2007 1780 2065 ἐπιχώριοι
1816 2005 1878 2047 ἐπὶ
1913 2003 2043 2062 βραχὺ

328 2078 538 2129 κνίσαντες
568 2079 732 2135 σιδηρίῳ
764 2079 879 2121 ἐῶσιν
911 2079 973 2122 ἐπὶ
1002 2084 1077 2122 τοῦ
1110 2084 1238 2138 φυτοῦ
1269 2079 1360 2121 κτλ.
1384 2081 1426 2116 et
1447 2075 1640 2128 Etymol.
1664 2088 1728 2134 ¹¹¹⁶.
1744 2072 1846 2123 522,
1867 2071 1926 2115 25
1947 2085 1981 2114 S·
2002 2086 2042 2113 V·

329 2146 464 2201 κνίζω]
509 2151 712 2207 συκάμινα
747 2151 907 2202 κνίζειν·
948 2153 1141 2193 τουτέστι
1175 2156 1235 2208 τῷ
1274 2147 1384 2208 ὄνυχι
1428 2147 1584 2201 (ferreo
1623 2145 1717 2187 scil.
1755 2145 2044 2186 instrumento

330 2218 581 2272 praeacuto)
613 2221 906 2279 διακαθαίρειν.
970 2232 1085 2260 nunc
1116 2225 1290 2273 tempus
1329 2224 1395 2260 est
1426 2219 1482 2260 ad
1515 2217 1706 2260 chartam
1738 2217 1978 2270 respicere:
2010 2217 2047 2260 εἰ

330 2293 378 2332 δέ
408 2307 470 2341 τις
499 2292 585 2345 τὴν
616 2298 697 2335 τῶν
728 2298 879 2351 φρενῶν
906 2289 911 2345 Ι
940 2294 1174 2346 στακτὴνε
1202 2292 1449 2346 ἐκνίσῦηςς
1482 2301 1631 2330 nonne
1653 2292 1851 2342 apertum
1879 2291 1948 2328 est
1972 2284 2047 2327 hic

332 2360 466 2400 verba
503 2365 684 2418 στακτήν
722 2366 766 2403 et
802 2364 991 2418 ἐκνίσθης
1027 2362 1172 2415 aliquo
1211 2362 1349 2402 modo
1389 2362 1499 2402 inter
1535 2373 1584 2402 se
1622 2357 1882 2401 cohaerere?
1943 2370 2045 2399 nam

333 2435 492 2487 στακτή
526 2432 764 2473 derivatum
798 2446 823 2474 a
852 2433 990 2474 verbo
1029 2437 1166 2488 στάζω
1199 2432 1275 2488 (cf.
1307 2431 1385 2478 Ar.
1418 2432 1527 2478 Plut.
1558 2429 1665 2487 529)
1704 2435 1771 2472 est
1808 2441 2046 2471 murratum

332 2505 507 2561 δάκρυον
539 2502 604 2547 ἀπ’
639 2506 822 2565 ἐντομῆς,
855 2504 976 2557 quod
1008 2504 1170 2553 defluit,
1204 2504 1278 2545 ubi
1300 2503 1444 2545 frutex
1465 2504 1643 2558 ἐκνίσῦη.
1691 2507 1819 2555 atque
1840 2501 1926 2542 iam
1945 2513 2047 2555 per-

335 2575 481 2614 lucent
501 2574 704 2616 Lachetis
738 2575 938 2617 facetiae:
972 2576 1044 2629 qui
1077 2576 1219 2629 primo
1252 2576 1512 2629 repetiturus
1544 2578 1611 2616 est
1641 2574 1753 2615 servi
1784 2571 2047 2615 sententiam

337 2645 478 2685 illum
518 2659 695 2687 revera
733 2651 950 2707 μεγαλεῖον
988 2646 1298 2700 perfecisse,
1348 2647 1431 2699 qui
1480 2645 1666 2687 mentis
1713 2656 1833 2685 suae
1879 2647 2048 2685 stacta

338 2718 568 2769 quamvis
592 2718 826 2759 detracta
853 2723 1022 2759 tamen
1051 2731 1189 2759 erum
1213 2714 1574 2772 decepissetl).
1620 2716 1702 2757 sed
1723 2728 1813 2756 non
1834 2714 1892 2756 ad
1912 2712 2047 2755 finem

339 2789 552 2838 pervenit3
580 2788 654 2829 ubi
677 2794 859 2846 στακτήν
880 2790 1003 2839 dixit,
1026 2802 1175 2831 servus
1198 2802 1246 2830 se
1269 2792 1493 2831 concacat.
1537 2792 1627 2829 tum
1650 2799 1790 2828 senex
1810 2784 2050 2839 inspiciens

484 2894 506 2934 ¹)
533 2892 638 2938 [ἀλλ’
665 2891 700 2930 εἴ
724 2907 783 2936 τις
799 2894 863 2931 ὑπὸ
886 2898 945 2931 τοῦ
961 2893 1126 2932 δεσπότου
1151 2893 1222 2940 τὴν
1246 2897 1326 2930 τῶν
1352 2897 1512 2939 φρενῶν
1532 2892 1539 2937 Ι
1561 2889 1715 2937 στακῆν
1740 2886 2049 2935 tutet-nude&

339 2948 480 2994 ἦπάτησ’
509 2950 611 2996 ὅμως,
635 2953 640 2998 1
662 2954 776 2989 τοῦτον
800 2955 830 2999 γ’
858 2953 996 2999 ἀληῦῶς
1021 2948 1087 2999 οἴμ’
1114 2953 1304 2998 ἀριστεῦσαι
1329 2954 1453 2995 δόλοις·
1476 2952 1484 3000 Ι
1504 2951 1560 2989 τὸν
1587 2947 1760 2997 ἰσούμινον
1784 2951 1849 2996 γὰρ
1865 2945 2051 2995 ὖπρίβιιλε

340 3009 547 3056 πανουργίᾳ]
